@article{Abbas2009,
author = {Abbas, Alexander R. and Wolslegel, Kristen and Seshasayee, Dhaya and Modrusan, Zora and Clark, Hilary F.},
doi = {10.1371/journal.pone.0006098},
editor = {Tan, Patrick},
issn = {1932-6203},
journal = {PLoS One},
number = {7},
pages = {e6098},
publisher = {Public Library of Science},
title = {{Deconvolution of Blood Microarray Data Identifies Cellular Activation Patterns in Systemic Lupus Erythematosus}},
url = {http://dx.plos.org/10.1371/journal.pone.0006098},
volume = {4},
year = {2009}
}
@article{Ahn2013,
author = {Ahn, Jaeil and Yuan, Ying and Parmigiani, Giovanni and Suraokar, Milind B. and Diao, Lixia and Wistuba, Ignacio I. and Wang, Wenyi},
doi = {10.1093/bioinformatics/btt301},
issn = {1460-2059},
journal = {Bioinformatics},

number = {15},
pages = {1865--1871},
publisher = {Oxford University Press},
title = {{DeMix: deconvolution for mixed cancer transcriptomes using raw measured data}},
url = {https://academic.oup.com/bioinformatics/article-lookup/doi/10.1093/bioinformatics/btt301},
volume = {29},
year = {2013}
}
@article{AlEjeh2014,
author = {Al-Ejeh, F and Simpson, P T and Sanus, J M and Klein, K and Kalimutho, M and Shi, W and Miranda, M and Kutasovic, J and Raghavendra, A and Madore, J and Reid, L and Krause, L and Chenevix-Trench, G and Lakhani, S R and Khanna, K K},
doi = {10.1038/oncsis.2014.14},
issn = {2157-9024},
journal = {Oncogenesis},
keywords = {Breast cancer,Gene expression profiling,Prognosis,Targeted therapies},
number = {4},
pages = {e100--e100},
publisher = {Nature Publishing Group},
title = {{Meta-analysis of the global gene expression profile of triple-negative breast cancer identifies genes for the prognostication and treatment of aggressive breast cancer}},
url = {http://www.nature.com/articles/oncsis201414},
volume = {3},
year = {2014}
}
@article{Altboum2014,

author = {Altboum, Zeev and Steuerman, Yael and David, Eyal and Barnett-Itzhaki, Zohar and Valadarsky, Liran and Keren-Shaul, Hadas and Meningher, Tal and Mendelson, Ella and Mandelboim, Michal and Gat-Viks, Irit and Amit, Ido},
doi = {10.1002/msb.134947},
issn = {1744-4292},
journal = {Mol. Syst. Biol.},

number = {2},
pages = {720},
pmid = {24586061},
publisher = {EMBO Press},
title = {{Digital cell quantification identifies global immune cell dynamics during influenza infection.}},
url = {http://www.ncbi.nlm.nih.gov/pubmed/24586061 http://www.pubmedcentral.nih.gov/articlerender.fcgi?artid=PMC4023392},
volume = {10},
year = {2014}
}
@article{Andor2014,
author = {Andor, Noemi and Harness, Julie V. and M{\"{u}}ller, Sabine and Mewes, Hans W. and Petritsch, Claudia},
doi = {10.1093/bioinformatics/btt622},
issn = {1460-2059},
journal = {Bioinformatics},

number = {1},
pages = {50--60},
publisher = {Oxford University Press},
title = {{EXPANDS: expanding ploidy and allele frequency on nested subpopulations}},
url = {https://academic.oup.com/bioinformatics/article-lookup/doi/10.1093/bioinformatics/btt622},
volume = {30},
year = {2014}
}
@article{Aran2017,
author = {Aran, Dvir and Hu, Zicheng and Butte, Atul J.},
doi = {10.1186/s13059-017-1349-1},
issn = {1474-760X},
journal = {Genome Biol.},
keywords = {Animal Genetics and Genomics,Bioinformatics,Evolutionary Biology,Human Genetics,Microbial Genetics and Genomics,Plant Genetics and Genomics},

number = {1},
pages = {220},
publisher = {BioMed Central},
title = {{xCell: digitally portraying the tissue cellular heterogeneity landscape}},
url = {https://genomebiology.biomedcentral.com/articles/10.1186/s13059-017-1349-1},
volume = {18},
year = {2017}
}
@article{Aran2015,

author = {Aran, Dvir and Sirota, Marina and Butte, Atul J},
doi = {10.1038/ncomms9971},
issn = {2041-1723},
journal = {Nat. Commun.},

pages = {8971},
pmid = {26634437},
publisher = {Nature Publishing Group},
title = {{Systematic pan-cancer analysis of tumour purity.}},
url = {http://www.ncbi.nlm.nih.gov/pubmed/26634437 http://www.pubmedcentral.nih.gov/articlerender.fcgi?artid=PMC4671203},
volume = {6},
year = {2015}
}
@misc{Arora2013,
author = {Arora, Sanjeev and Ge, Rong and Halpern, Yoni and Mimno, David and Moitra, Ankur and Sontag, David and Wu, Yichen and Zhu, Michael},
booktitle = {Proc. 30th Int. Conf. Int. Conf. Mach. Learn. - Vol. 28},
pages = {II--280},
publisher = {JMLR.org},
title = {{A practical algorithm for topic modeling with provable guarantees}},
url = {https://dl.acm.org/citation.cfm?id=3042925},
year = {2013}
}
@article{Barbie2009,
author = {Barbie, David A. and Tamayo, Pablo and Boehm, Jesse S. and Kim, So Young and Moody, Susan E. and Dunn, Ian F. and Schinzel, Anna C. and Sandy, Peter and Meylan, Etienne and Scholl, Claudia and Fr{\"{o}}hling, Stefan and Chan, Edmond M. and Sos, Martin L. and Michel, Kathrin and Mermel, Craig and Silver, Serena J. and Weir, Barbara A. and Reiling, Jan H. and Sheng, Qing and Gupta, Piyush B. and Wadlow, Raymond C. and Le, Hanh and Hoersch, Sebastian and Wittner, Ben S. and Ramaswamy, Sridhar and Livingston, David M. and Sabatini, David M. and Meyerson, Matthew and Thomas, Roman K. and Lander, Eric S. and Mesirov, Jill P. and Root, David E. and Gilliland, D. Gary and Jacks, Tyler and Hahn, William C.},
doi = {10.1038/nature08460},
issn = {0028-0836},
journal = {Nature},
number = {7269},
pages = {108--112},
publisher = {Nature Publishing Group},
title = {{Systematic RNA interference reveals that oncogenic KRAS-driven cancers require TBK1}},
url = {http://www.nature.com/articles/nature08460},
volume = {462},
year = {2009}
}

@article{Bell1995,
author = {Bell, Anthony J and Sejnowski, Terrence J},
title = {{An information-maximisation approach to blind separation and blind deconvolution}},
url = {http://www.inf.fu-berlin.de/lehre/WS05/Mustererkennung/infomax/infomax.pdf},
year = {1995},
journal = {},
}

@article{Bolen2011,

author = {Bolen, Christopher R and Uduman, Mohamed and Kleinstein, Steven H},
doi = {10.1186/1471-2105-12-258},
issn = {1471-2105},
journal = {BMC Bioinformatics},
keywords = {Algorithms,Bioinformatics,Combinatorial Libraries,Computational Biology/Bioinformatics,Computer Appl. in Life Sciences,Microarrays},

number = {1},
pages = {258},
publisher = {BioMed Central},
title = {{Cell subset prediction for blood genomic studies}},
url = {http://bmcbioinformatics.biomedcentral.com/articles/10.1186/1471-2105-12-258},
volume = {12},
year = {2011}
}
@article{Breeze2016,

author = {Breeze, Charles E. and Paul, Dirk S. and van Dongen, Jenny and Butcher, Lee M. and Ambrose, John C. and Barrett, James E. and Lowe, Robert and Rakyan, Vardhman K. and Iotchkova, Valentina and Frontini, Mattia and Downes, Kate and Ouwehand, Willem H. and Laperle, Jonathan and Jacques, Pierre-{\'{E}}tienne and Bourque, Guillaume and Bergmann, Anke K. and Siebert, Reiner and Vellenga, Edo and Saeed, Sadia and Matarese, Filomena and Martens, Joost H.A. and Stunnenberg, Hendrik G. and Teschendorff, Andrew E. and Herrero, Javier and Birney, Ewan and Dunham, Ian and Beck, Stephan},
doi = {10.1016/j.celrep.2016.10.059},
issn = {22111247},
journal = {Cell Rep.},
keywords = {DNase I hypersensitive sites,bioinformatics,epigenetics,epigenome-wide association study,histone marks},

number = {8},
pages = {2137--2150},
pmid = {27851974},
title = {{eFORGE: A Tool for Identifying Cell Type-Specific Signal in Epigenomic Data}},
url = {http://www.ncbi.nlm.nih.gov/pubmed/27851974 http://www.pubmedcentral.nih.gov/articlerender.fcgi?artid=PMC5120369 http://linkinghub.elsevier.com/retrieve/pii/S2211124716314796},
volume = {17},
year = {2016}
}
@article{Brunet2004,

author = {Brunet, Jean-Philippe and Tamayo, Pablo and Golub, Todd R and Mesirov, Jill P},
doi = {10.1073/pnas.0308531101},
issn = {0027-8424},
journal = {Proc. Natl. Acad. Sci. U. S. A.},

number = {12},
pages = {4164--9},
pmid = {15016911},
publisher = {National Academy of Sciences},
title = {{Metagenes and molecular pattern discovery using matrix factorization.}},
url = {http://www.ncbi.nlm.nih.gov/pubmed/15016911 http://www.pubmedcentral.nih.gov/articlerender.fcgi?artid=PMC384712},
volume = {101},
year = {2004}
}
@article{Cardoso1993,
author = {Cardoso, J.F. and Souloumiac, A.},
doi = {10.1049/ip-f-2.1993.0054},
issn = {0956375X},
journal = {IEE Proc. F Radar Signal Process.},
number = {6},
pages = {362},
title = {{Blind beamforming for non-gaussian signals}},
url = {http://digital-library.theiet.org/content/journals/10.1049/ip-f-2.1993.0054},
volume = {140},
year = {1993}
}
@article{Carter2012,

author = {Carter, Scott L and Cibulskis, Kristian and Helman, Elena and McKenna, Aaron and Shen, Hui and Zack, Travis and Laird, Peter W and Onofrio, Robert C and Winckler, Wendy and Weir, Barbara A and Beroukhim, Rameen and Pellman, David and Levine, Douglas A and Lander, Eric S and Meyerson, Matthew and Getz, Gad},
doi = {10.1038/nbt.2203},
issn = {1087-0156},
journal = {Nat. Biotechnol.},
keywords = {Cancer genomics,Computational biology and bioinformatics},

number = {5},
pages = {413--421},
publisher = {Nature Publishing Group},
title = {{Absolute quantification of somatic DNA alterations in human cancer}},
url = {http://www.nature.com/articles/nbt.2203},
volume = {30},
year = {2012}
}
@article{Chen2018,
author = {Chen, Shu-Hwa and Kuo, Wen-Yu and Su, Sheng-Yao and Chung, Wei-Chun and Ho, Jen-Ming and Lu, Henry Horng-Shing and Lin, Chung-Yen},
doi = {10.1186/s12859-018-2069-6},
issn = {1471-2105},
journal = {BMC Bioinformatics},
keywords = {Algorithms,Bioinformatics,Computational Biology/Bioinformatics,Computer Appl. in Life Sciences,Microarrays},

number = {S4},
pages = {154},
publisher = {BioMed Central},
title = {{A gene profiling deconvolution approach to estimating immune cell composition from complex tissues}},
url = {https://bmcbioinformatics.biomedcentral.com/articles/10.1186/s12859-018-2069-6},
volume = {19},
year = {2018}
}
@article{Cheng2013,

author = {Cheng, Wei-Yi and Yang, Tai-Hsien Ou and Anastassiou, Dimitris},
doi = {10.1371/journal.pcbi.1002920},
editor = {Rigoutsos, Isidore},
issn = {1553-7358},
journal = {PLoS Comput. Biol.},

number = {2},
pages = {e1002920},
publisher = {Public Library of Science},
title = {{Biomolecular Events in Cancer Revealed by Attractor Metagenes}},
url = {http://dx.plos.org/10.1371/journal.pcbi.1002920},
volume = {9},
year = {2013}
}
@article{Cherry1953,

author = {Cherry, E. Colin},
doi = {10.1121/1.1907229},
issn = {0001-4966},
journal = {J. Acoust. Soc. Am.},

number = {5},
pages = {975--979},
publisher = {Acoustical Society of America},
title = {{Some Experiments on the Recognition of Speech, with One and with Two Ears}},
url = {http://asa.scitation.org/doi/10.1121/1.1907229},
volume = {25},
year = {1953}
}
@article{Chikina2015,
author = {Chikina, Maria and Zaslavsky, Elena and Sealfon, Stuart C.},
doi = {10.1093/bioinformatics/btv015},
issn = {1460-2059},
journal = {Bioinformatics},

number = {10},
pages = {1584--1591},
publisher = {Oxford University Press},
title = {{CellCODE: a robust latent variable approach to differential expression analysis for heterogeneous cell populations}},
url = {https://academic.oup.com/bioinformatics/article-lookup/doi/10.1093/bioinformatics/btv015},
volume = {31},
year = {2015}
}
@article{Chung2017,

author = {Chung, Woosung and Eum, Hye Hyeon and Lee, Hae-Ock and Lee, Kyung-Min and Lee, Han-Byoel and Kim, Kyu-Tae and Ryu, Han Suk and Kim, Sangmin and Lee, Jeong Eon and Park, Yeon Hee and Kan, Zhengyan and Han, Wonshik and Park, Woong-Yang},
doi = {10.1038/ncomms15081},
issn = {2041-1723},
journal = {Nat. Commun.},

pages = {15081},
pmid = {28474673},
publisher = {Nature Publishing Group},
title = {{Single-cell RNA-seq enables comprehensive tumour and immune cell profiling in primary breast cancer.}},
url = {http://www.ncbi.nlm.nih.gov/pubmed/28474673 http://www.pubmedcentral.nih.gov/articlerender.fcgi?artid=PMC5424158},
volume = {8},
year = {2017}
}

@article{Clarke2010,
author = {Clarke, J. and Seo, P. and Clarke, B.},
doi = {10.1093/bioinformatics/btq097},
issn = {1367-4803},
journal = {Bioinformatics},

number = {8},
pages = {1043--1049},
publisher = {Oxford University Press},
title = {{Statistical expression deconvolution from mixed tissue samples}},
url = {https://academic.oup.com/bioinformatics/article-lookup/doi/10.1093/bioinformatics/btq097},
volume = {26},
year = {2010}
}
@article{Czerwinska2018,
author = {Czerwinska, Urszula},
doi = {10.5281/ZENODO.1250070},

title = {{UrszulaCzerwinska/DeconICA: DeconICA first release}},
url = {https://zenodo.org/record/1250070{\#}.WxLmP1OFMUs},
year = {2018}
}
@inproceedings{drucker1997,
author = {Drucker, Harris and Burges, Christopher J C and Kaufman, Linda and Smola, Alex J and Vapnik, Vladimir},
booktitle = {Adv. Neural Inf. Process. Syst.},
pages = {155--161},
title = {{Support vector regression machines}},
year = {1997}
}

@article{Dunham2015,
author = {Dunham, Ian and Kulesha, Eugene and Iotchkova, Valentina and Morganella, Sandro and Birney, Ewan},
doi = {10.12688/f1000research.6032.1},
issn = {2046-1402},
journal = {F1000Research},

title = {{FORGE: A tool to discover cell specific enrichments of GWAS associated SNPs in regulatory regions}},
url = {http://f1000research.com/articles/4-18/v1},
volume = {4},
year = {2015}
}
@article{Elmas2016,

author = {Elmas, Abdulkadir and {Ou Yang}, Tai-Hsien and Wang, Xiaodong and Anastassiou, Dimitris},
doi = {10.1371/journal.pone.0167994},
editor = {Mummidi, Srinivas},
issn = {1932-6203},
journal = {PLoS One},

number = {12},
pages = {e0167994},
publisher = {Public Library of Science},
title = {{Discovering Genome-Wide Tag SNPs Based on the Mutual Information of the Variants}},
url = {http://dx.plos.org/10.1371/journal.pone.0167994},
volume = {11},
year = {2016}
}
@article{Engreitz2010,

author = {Engreitz, Jesse M and Daigle, Bernie J and Marshall, Jonathan J and Altman, Russ B and Altman, Russ B.},
doi = {10.1016/j.jbi.2010.07.001},
issn = {1532-0480},
journal = {J. Biomed. Inform.},

number = {6},
pages = {932--44},
pmid = {20619355},
publisher = {NIH Public Access},
title = {{Independent component analysis: mining microarray data for fundamental human gene expression modules.}},
url = {http://www.ncbi.nlm.nih.gov/pubmed/20619355 http://www.pubmedcentral.nih.gov/articlerender.fcgi?artid=PMC2991480},
volume = {43},
year = {2010}
}
@misc{Erickson2018,

author = {{Erickson, Jeff}},
title = {{Jeff Erickson's Algorithms, Etc.}},
url = {http://jeffe.cs.illinois.edu/teaching/algorithms/},
urldate = {2018-06-05}
}
@article{Erkkila2010,
author = {Erkkil{\"{a}}, Timo and Lehmusvaara, Saara and Ruusuvuori, Pekka and Visakorpi, Tapio and Shmulevich, Ilya and L{\"{a}}hdesm{\"{a}}ki, Harri},
doi = {10.1093/bioinformatics/btq406},
issn = {1460-2059},
journal = {Bioinformatics},

number = {20},
pages = {2571--2577},
publisher = {Oxford University Press},
title = {{Probabilistic analysis of gene expression measurements from heterogeneous tissues}},
url = {https://academic.oup.com/bioinformatics/article-lookup/doi/10.1093/bioinformatics/btq406},
volume = {26},
year = {2010}
}
@article{Wang2010,
author = {{Fa-Yu Wang} and {Chong-Yung Chi} and {Tsung-Han Chan} and {Yue Wang}},
doi = {10.1109/TPAMI.2009.72},
issn = {0162-8828},
journal = {IEEE Trans. Pattern Anal. Mach. Intell.},

number = {5},
pages = {875--888},
title = {{Nonnegative Least-Correlated Component Analysis for Separation of Dependent Sources by Volume Maximization}},
url = {http://ieeexplore.ieee.org/document/4815260/},
volume = {32},
year = {2010}
}
@article{Finotello2017,

author = {Finotello, Francesca and Mayer, Clemens and Plattner, Christina and Laschober, Gerhard and Rieder, Dietmar and Hackl, Hubert and Krogsdam, Anne and Posch, Wilfried and Wilflingseder, Doris and Sopper, Sieghart and Jsselsteijn, Marieke and Johnsons, Douglas and Xu, Yaomin and Wang, Yu and Sanders, Melinda E and Estrada, Monica V and Ericsson-Gonzalez, Paula and Balko, Justin and de Miranda, Noel F and Trajanoski, Zlatko},
doi = {10.1101/223180},
journal = {bioRxiv},

pages = {223180},
publisher = {Cold Spring Harbor Laboratory},
title = {{quanTIseq: quantifying immune contexture of human tumors}},
url = {https://www.biorxiv.org/content/early/2017/11/22/223180},
year = {2017}
}
@article{Frankino2005,

author = {Frankino, W. A. and Zwaan, Bas J and Stern, David L and Brakefield, Paul M and Hwa, T. and Mayo, A. and Dekel, E. and Kavanagh, K. and Alon, U.},
doi = {10.1126/science.1105409},
issn = {0036-8075},
journal = {Science (80-. ).},

number = {5710},
pages = {718--720},
pmid = {15692049},
publisher = {American Association for the Advancement of Science},
title = {{Natural Selection and Developmental Constraints in the Evolution of Allometries}},
url = {http://www.ncbi.nlm.nih.gov/pubmed/15692049 http://www.pubmedcentral.nih.gov/articlerender.fcgi?artid=PMC3198854 http://www.sciencemag.org/cgi/doi/10.1126/science.1105409},
volume = {307},
year = {2005}
}
@article{Frishberg2016,
author = {Frishberg, Amit and Brodt, Avital and Steuerman, Yael and Gat-Viks, Irit},
doi = {10.1093/bioinformatics/btw535},
issn = {1367-4803},
journal = {Bioinformatics},

number = {24},
pages = {3842--3843},
publisher = {Oxford University Press},
title = {{ImmQuant: a user-friendly tool for inferring immune cell-type composition from gene-expression data}},
url = {https://academic.oup.com/bioinformatics/article-lookup/doi/10.1093/bioinformatics/btw535},
volume = {32},
year = {2016}
}
@article{Frishberg2015,
author = {Frishberg, Amit and Steuerman, Yael and Gat-Viks, Irit},
doi = {10.1093/bioinformatics/btv498},
issn = {1367-4803},
journal = {Bioinformatics},

number = {24},
pages = {btv498},
publisher = {Oxford University Press},
title = {{CoD: inferring immune-cell quantities related to disease states}},
url = {https://academic.oup.com/bioinformatics/article-lookup/doi/10.1093/bioinformatics/btv498},
volume = {31},
year = {2015}
}
@article{Fu2015,

author = {Fu, Yi and Yu, Guoqiang and Levine, Douglas A. and Wang, Niya and Shih, Ie-Ming and Zhang, Zhen and Clarke, Robert and Wang, Yue},
doi = {10.1038/srep13955},
issn = {2045-2322},
journal = {Sci. Rep.},
keywords = {Cancer genomics,Data processing},

number = {1},
pages = {13955},
publisher = {Nature Publishing Group},
title = {{BACOM2.0 facilitates absolute normalization and quantification of somatic copy number alterations in heterogeneous tumor}},
url = {http://www.nature.com/articles/srep13955},
volume = {5},
year = {2015}
}
@article{Gaujoux2012,

author = {Gaujoux, Renaud and Seoighe, Cathal},
doi = {10.1016/J.MEEGID.2011.08.014},
issn = {1567-1348},
journal = {Infect. Genet. Evol.},

number = {5},
pages = {913--921},
publisher = {Elsevier},
title = {{Semi-supervised Nonnegative Matrix Factorization for gene expression deconvolution: A case study}},
url = {https://www.sciencedirect.com/science/article/pii/S1567134811002930?via{\%}3Dihub},
volume = {12},
year = {2012}
}
@article{Gaujoux2010,

author = {Gaujoux, Renaud and Seoighe, Cathal},
doi = {10.1186/1471-2105-11-367},
issn = {1471-2105},
journal = {BMC Bioinformatics},
keywords = {Algorithms,Bioinformatics,Combinatorial Libraries,Computational Biology/Bioinformatics,Computer Appl. in Life Sciences,Microarrays},

number = {1},
pages = {367},
publisher = {BioMed Central},
title = {{A flexible R package for nonnegative matrix factorization}},
url = {http://bmcbioinformatics.biomedcentral.com/articles/10.1186/1471-2105-11-367},
volume = {11},
year = {2010}
}
@article{Ghosh2004,
author = {Ghosh, D.},
doi = {10.1093/bioinformatics/bth139},
issn = {1367-4803},
journal = {Bioinformatics},

number = {11},
pages = {1663--1669},
publisher = {Oxford University Press},
title = {{Mixture models for assessing differential expression in complex tissues using microarray data}},
url = {https://academic.oup.com/bioinformatics/article-lookup/doi/10.1093/bioinformatics/bth139},
volume = {20},
year = {2004}
}
@article{Gong2011,

author = {Gong, Ting and Hartmann, Nicole and Kohane, Isaac S. and Brinkmann, Volker and Staedtler, Frank and Letzkus, Martin and Bongiovanni, Sandrine and Szustakowski, Joseph D.},
doi = {10.1371/journal.pone.0027156},
editor = {Rattray, Magnus},
issn = {1932-6203},
journal = {PLoS One},

number = {11},
pages = {e27156},
publisher = {Public Library of Science},
title = {{Optimal Deconvolution of Transcriptional Profiling Data Using Quadratic Programming with Application to Complex Clinical Blood Samples}},
url = {http://dx.plos.org/10.1371/journal.pone.0027156},
volume = {6},
year = {2011}
}
@article{Gong2013,
author = {Gong, Ting and Szustakowski, Joseph D.},
doi = {10.1093/bioinformatics/btt090},
issn = {1460-2059},
journal = {Bioinformatics},

number = {8},
pages = {1083--1085},
publisher = {Oxford University Press},
title = {{DeconRNASeq: a statistical framework for deconvolution of heterogeneous tissue samples based on mRNA-Seq data}},
url = {https://academic.oup.com/bioinformatics/article-lookup/doi/10.1093/bioinformatics/btt090},
volume = {29},
year = {2013}
}
@book{Gorban2007,

author = {Gorban, A. N. (Aleksandr Nikolaevich)},
isbn = {9783540737506},
pages = {334},
publisher = {Springer},
title = {{Principal manifolds for data visualization and dimension reduction}},
year = {2007}
}
@article{Gortler2018,

archivePrefix = {arXiv},
arxivId = {1801.08447},
author = {G{\"{o}}rtler, Franziska and Solbrig, Stefan and Wettig, Tilo and Oefner, Peter J. and Spang, Rainer and Altenbuchinger, Michael},
eprint = {1801.08447},
journal = {},
title = {{Loss-function learning for digital tissue deconvolution}},
url = {http://arxiv.org/abs/1801.08447},
year = {2018}
}
@article{Gosink2007,
author = {Gosink, Mark M. and Petrie, Howard T. and Tsinoremas, Nicholas F.},
doi = {10.1093/bioinformatics/btm508},
issn = {1460-2059},
journal = {Bioinformatics},

number = {24},
pages = {3328--3334},
publisher = {Oxford University Press},
title = {{Electronically subtracting expression patterns from a mixed cell population}},
url = {https://academic.oup.com/bioinformatics/article-lookup/doi/10.1093/bioinformatics/btm508},
volume = {23},
year = {2007}
}
@article{Hanzelmann2013,
author = {H{\"{a}}nzelmann, Sonja and Castelo, Robert and Guinney, Justin},
doi = {10.1186/1471-2105-14-7},
issn = {1471-2105},
journal = {BMC Bioinformatics},
keywords = {Algorithms,Bioinformatics,Combinatorial Libraries,Computational Biology/Bioinformatics,Computer Appl. in Life Sciences,Microarrays},

number = {1},
pages = {7},
publisher = {BioMed Central},
title = {{GSVA: gene set variation analysis for microarray and RNA-Seq data}},
url = {http://bmcbioinformatics.biomedcentral.com/articles/10.1186/1471-2105-14-7},
volume = {14},
year = {2013}
}
@book{Hastie2009,
address = {New York, NY},
author = {Hastie, Trevor and Tibshirani, Robert and Friedman, Jerome},
doi = {10.1007/978-0-387-84858-7},
isbn = {978-0-387-84857-0},
publisher = {Springer New York},
series = {Springer Series in Statistics},
title = {{The Elements of Statistical Learning}},
url = {http://link.springer.com/10.1007/978-0-387-84858-7},
year = {2009}
}
@article{He2018,

author = {He, Jing and Maurer, H. Carlo and Holmstrom, Sam R. and Su, Tao and Ahmed, Aqeel and Hibshoosh, Hanina and Chabot, John A. and Oberstein, Paul E. and Sepulveda, Antonia R. and Genkinger, Jeanine M. and Zhang, Jiapeng and Iuga, Alina C. and Bansal, Mukesh and Califano, Andrea and Olive, Kenneth P.},
doi = {10.1101/288779},
journal = {bioRxiv},

pages = {288779},
publisher = {Cold Spring Harbor Laboratory},
title = {{Transcriptional deconvolution reveals consistent functional subtypes of pancreatic cancer epithelium and stroma}},
url = {https://www.biorxiv.org/content/early/2018/03/27/288779},
year = {2018}
}
@inproceedings{Herault1986,

author = {Herault, J. and Jutten, C.},
booktitle = {AIP Conf. Proc.},
doi = {10.1063/1.36258},
issn = {0094243X},
journal = {},
number = {1},
pages = {206--211},
publisher = {AIP},
title = {{Space or time adaptive signal processing by neural network models}},
url = {http://aip.scitation.org/doi/abs/10.1063/1.36258},
volume = {151},
year = {1986}
}
@inproceedings{Himberg2003,
author = {Himberg, J. and Hyvarinen, A.},
booktitle = {2003 IEEE XIII Work. Neural Networks Signal Process. (IEEE Cat. No.03TH8718)},
doi = {10.1109/NNSP.2003.1318025},
isbn = {0-7803-8177-7},
pages = {259--268},
publisher = {IEEE},
title = {{Icasso: software for investigating the reliability of ICA estimates by clustering and visualization}},
url = {http://ieeexplore.ieee.org/document/1318025/}
}
@article{Hoffmann2006,

author = {Hoffmann, Martin and Pohlers, Dirk and Koczan, Dirk and Thiesen, Hans-J{\"{u}}rgen and W{\"{o}}lfl, Stefan and Kinne, Raimund W},
doi = {10.1186/1471-2105-7-369},
issn = {14712105},
journal = {BMC Bioinformatics},
keywords = {Algorithms,Bioinformatics,Combinatorial Libraries,Computational Biology/Bioinformatics,Computer Appl. in Life Sciences,Microarrays},

number = {1},
pages = {369},
publisher = {BioMed Central},
title = {{Robust computational reconstitution – a new method for the comparative analysis of gene expression in tissues and isolated cell fractions}},
url = {http://bmcbioinformatics.biomedcentral.com/articles/10.1186/1471-2105-7-369},
volume = {7},
year = {2006}
}
@article{Houseman2016,

author = {Houseman, E. Andres and Kile, Molly L. and Christiani, David C. and Ince, Tan A. and Kelsey, Karl T. and Marsit, Carmen J.},
doi = {10.1186/s12859-016-1140-4},
issn = {1471-2105},
journal = {BMC Bioinformatics},
keywords = {Algorithms,Bioinformatics,Computational Biology/Bioinformatics,Computer Appl. in Life Sciences,Microarrays},

number = {1},
pages = {259},
publisher = {BioMed Central},
title = {{Reference-free deconvolution of DNA methylation data and mediation by cell composition effects}},
url = {http://bmcbioinformatics.biomedcentral.com/articles/10.1186/s12859-016-1140-4},
volume = {17},
year = {2016}
}
@article{Houseman2014,
author = {Houseman, Eugene Andres and Molitor, John and Marsit, Carmen J.},
doi = {10.1093/bioinformatics/btu029},
issn = {1460-2059},
journal = {Bioinformatics},

number = {10},
pages = {1431--1439},
publisher = {Oxford University Press},
title = {{Reference-free cell mixture adjustments in analysis of DNA methylation data}},
url = {https://academic.oup.com/bioinformatics/article-lookup/doi/10.1093/bioinformatics/btu029},
volume = {30},
year = {2014}
}
@article{Houseman2012,

author = {Houseman, Eugene and Accomando, William P and Koestler, Devin C and Christensen, Brock C and Marsit, Carmen J and Nelson, Heather H and Wiencke, John K and Kelsey, Karl T},
doi = {10.1186/1471-2105-13-86},
issn = {1471-2105},
journal = {BMC Bioinformatics},
keywords = {Algorithms,Bioinformatics,Combinatorial Libraries,Computational Biology/Bioinformatics,Computer Appl. in Life Sciences,Microarrays},

number = {1},
pages = {86},
publisher = {BioMed Central},
title = {{DNA methylation arrays as surrogate measures of cell mixture distribution}},
url = {http://bmcbioinformatics.biomedcentral.com/articles/10.1186/1471-2105-13-86},
volume = {13},
year = {2012}
}
@article{Hunt2018,

author = {Hunt, Gregory J. and Freytag, Saskia and Bahlo, Melanie and Gagnon-Bartsch, Johann A.},
doi = {10.1101/290262},
journal = {bioRxiv},

pages = {290262},
publisher = {Cold Spring Harbor Laboratory},
title = {dtangle: accurate and fast cell-type deconvolution},
url = {https://www.biorxiv.org/content/early/2018/03/27/290262},
year = {2018}
}
@article{Hyvarinen2000,

author = {Hyv{\"{a}}rinen, Aapo and Oja, Erkki},
journal = {Neural Networks},
keywords = {Independent component analysis,blind signal separation,factor analysis,projection pursuit,representation,source separation},
number = {45},
pages = {411--430},
title = {{Independent Component Analysis: Algorithms and Applications}},
url = {https://www.cs.helsinki.fi/u/ahyvarin/papers/NN00new.pdf},
volume = {13},
year = {2000}
}
@article{Jiang2016,

author = {Jiang, Yuchao and Qiu, Yu and Minn, Andy J and Zhang, Nancy R},
doi = {10.1073/pnas.1522203113},
issn = {1091-6490},
journal = {Proc. Natl. Acad. Sci. U. S. A.},
keywords = {cancer evolution,cancer genomics,clonal deconvolution,intratumor heterogeneity,phylogeny inference},

number = {37},
pages = {E5528--37},
pmid = {27573852},
publisher = {National Academy of Sciences},
title = {{Assessing intratumor heterogeneity and tracking longitudinal and spatial clonal evolutionary history by next-generation sequencing.}},
url = {http://www.ncbi.nlm.nih.gov/pubmed/27573852 http://www.pubmedcentral.nih.gov/articlerender.fcgi?artid=PMC5027458},
volume = {113},
year = {2016}
}
@article{Ju2013,

author = {Ju, Wenjun and Greene, Casey S and Eichinger, Felix and Nair, Viji and Hodgin, Jeffrey B and Bitzer, Markus and Lee, Young-Suk and Zhu, Qian and Kehata, Masami and Li, Min and Jiang, Song and Rastaldi, Maria Pia and Cohen, Clemens D and Troyanskaya, Olga G and Kretzler, Matthias},
doi = {10.1101/gr.155697.113},
issn = {1549-5469},
journal = {Genome Res.},

number = {11},
pages = {1862--73},
pmid = {23950145},
publisher = {Cold Spring Harbor Laboratory Press},
title = {{Defining cell-type specificity at the transcriptional level in human disease.}},
url = {http://www.ncbi.nlm.nih.gov/pubmed/23950145 http://www.pubmedcentral.nih.gov/articlerender.fcgi?artid=PMC3814886},
volume = {23},
year = {2013}
}
@article{Korem2015,

author = {Korem, Yael and Szekely, Pablo and Hart, Yuval and Sheftel, Hila and Hausser, Jean and Mayo, Avi and Rothenberg, Michael E. and Kalisky, Tomer and Alon, Uri},
doi = {10.1371/journal.pcbi.1004224},
editor = {Iakoucheva, Lilia M.},
issn = {1553-7358},
journal = {PLOS Comput. Biol.},

number = {7},
pages = {e1004224},
publisher = {Public Library of Science},
title = {{Geometry of the Gene Expression Space of Individual Cells}},
url = {http://dx.plos.org/10.1371/journal.pcbi.1004224},
volume = {11},
year = {2015}
}
@article{Kuhn2011,

author = {Kuhn, Alexandre and Thu, Doris and Waldvogel, Henry J and Faull, Richard L M and Luthi-Carter, Ruth},
doi = {10.1038/nmeth.1710},
issn = {1548-7091},
journal = {Nat. Methods},
keywords = {Bioinformatics,Gene expression analysis},

number = {11},
pages = {945--947},
publisher = {Nature Publishing Group},
title = {{Population-specific expression analysis (PSEA) reveals molecular changes in diseased brain}},
url = {http://www.nature.com/articles/nmeth.1710},
volume = {8},
year = {2011}
}
@article{Lahdesmaki2005,

author = {L{\"{a}}hdesm{\"{a}}ki, Harri and llya Shmulevich and Dunmire, Valerie and Yli-Harja, Olli and Zhang, Wei},
doi = {10.1186/1471-2105-6-54},
issn = {14712105},
journal = {BMC Bioinformatics},
keywords = {Algorithms,Bioinformatics,Combinatorial Libraries,Computational Biology/Bioinformatics,Computer Appl. in Life Sciences,Microarrays},

number = {1},
pages = {54},
publisher = {BioMed Central},
title = {{In silico microdissection of microarray data from heterogeneous cell populations}},
url = {http://bmcbioinformatics.biomedcentral.com/articles/10.1186/1471-2105-6-54},
volume = {6},
year = {2005}
}
@article{Larson2013,

author = {Larson, Nicholas B and Fridley, Brooke L},
doi = {10.1093/bioinformatics/btt293},
issn = {1367-4811},
journal = {Bioinformatics},

number = {15},
pages = {1888--9},
pmid = {23749958},
publisher = {Oxford University Press},
title = {{PurBayes: estimating tumor cellularity and subclonality in next-generation sequencing data.}},
url = {http://www.ncbi.nlm.nih.gov/pubmed/23749958 http://www.pubmedcentral.nih.gov/articlerender.fcgi?artid=PMC3712213},
volume = {29},
year = {2013}
}
@article{Lavin2017,
author = {Lavin, Yonit and Kobayashi, Soma and Leader, Andrew and Amir, El-ad David and Elefant, Naama and Bigenwald, Camille and Remark, Romain and Sweeney, Robert and Becker, Christian D. and Levine, Jacob H. and Meinhof, Klaus and Chow, Andrew and Kim-Shulze, Seunghee and Wolf, Andrea and Medaglia, Chiara and Li, Hanjie and Rytlewski, Julie A. and Emerson, Ryan O. and Solovyov, Alexander and Greenbaum, Benjamin D. and Sanders, Catherine and Vignali, Marissa and Beasley, Mary Beth and Flores, Raja and Gnjatic, Sacha and Pe'er, Dana and Rahman, Adeeb and Amit, Ido and Merad, Miriam},
doi = {10.1016/J.CELL.2017.04.014},
issn = {0092-8674},
journal = {Cell},

number = {4},
pages = {750--765.e17},
publisher = {Cell Press},
title = {{Innate Immune Landscape in Early Lung Adenocarcinoma by Paired Single-Cell Analyses}},
url = {https://www.sciencedirect.com/science/article/pii/S0092867417304270},
volume = {169},
year = {2017}
}
@article{Lee,

author = {Lee, Daniel D and Seung, H Sebastian},
title = {{Algorithms for Non-negative Matrix Factorization}},
url = {https://papers.nips.cc/paper/1861-algorithms-for-non-negative-matrix-factorization.pdf}
}
@article{Leek2007,

author = {Leek, Jeffrey T. and Storey, John D.},
doi = {10.1371/journal.pgen.0030161},
issn = {1553-7390},
journal = {PLoS Genet.},

number = {9},
pages = {e161},
pmid = {17907809},
title = {{Capturing Heterogeneity in Gene Expression Studies by Surrogate Variable Analysis}},
url = {http://www.ncbi.nlm.nih.gov/pubmed/17907809 http://www.pubmedcentral.nih.gov/articlerender.fcgi?artid=PMC1994707 http://dx.plos.org/10.1371/journal.pgen.0030161},
volume = {3},
year = {2007}
}
@article{Li2014,

author = {Li, Bo and Li, Jun Z},
doi = {10.1186/s13059-014-0473-4},
issn = {1474-760X},
journal = {Genome Biol.},
keywords = {Animal Genetics and Genomics,Bioinformatics,Evolutionary Biology,Human Genetics,Microbial Genetics and Genomics,Plant Genetics {\&} Genomics},

number = {9},
pages = {473},
publisher = {BioMed Central},
title = {{A general framework for analyzing tumor subclonality using SNP array and DNA sequencing data}},
url = {http://genomebiology.biomedcentral.com/articles/10.1186/s13059-014-0473-4},
volume = {15},
year = {2014}
}
@article{Li2017,
author = {Li, Bo and Liu, Jun S. and Liu, X. Shirley},
doi = {10.1186/s13059-017-1256-5},
issn = {1474-760X},
journal = {Genome Biol.},
keywords = {Animal Genetics and Genomics,Bioinformatics,Evolutionary Biology,Human Genetics,Microbial Genetics and Genomics,Plant Genetics and Genomics},

number = {1},
pages = {127},
publisher = {BioMed Central},
title = {{Revisit linear regression-based deconvolution methods for tumor gene expression data}},
url = {http://genomebiology.biomedcentral.com/articles/10.1186/s13059-017-1256-5},
volume = {18},
year = {2017}
}
@article{Li2016,
author = {Li, Bo and Severson, Eric and Pignon, Jean-Christophe and Zhao, Haoquan and Li, Taiwen and Novak, Jesse and Jiang, Peng and Shen, Hui and Aster, Jon C. and Rodig, Scott and Signoretti, Sabina and Liu, Jun S. and Liu, X. Shirley},
doi = {10.1186/s13059-016-1028-7},
issn = {1474-760X},
journal = {Genome Biol.},
keywords = {Animal Genetics and Genomics,Bioinformatics,Evolutionary Biology,Human Genetics,Microbial Genetics and Genomics,Plant Genetics {\&} Genomics},

number = {1},
pages = {174},
publisher = {BioMed Central},
title = {{Comprehensive analyses of tumor immunity: implications for cancer immunotherapy}},
url = {http://genomebiology.biomedcentral.com/articles/10.1186/s13059-016-1028-7},
volume = {17},
year = {2016}
}
@article{Li2017a,

author = {Li, Huipeng and Courtois, Elise T and Sengupta, Debarka and Tan, Yuliana and Chen, Kok Hao and Goh, Jolene Jie Lin and Kong, Say Li and Chua, Clarinda and Hon, Lim Kiat and Tan, Wah Siew and Wong, Mark and Choi, Paul Jongjoon and Wee, Lawrence J K and Hillmer, Axel M and Tan, Iain Beehuat and Robson, Paul and Prabhakar, Shyam},
doi = {10.1038/ng.3818},
issn = {1061-4036},
journal = {Nat. Genet.},
keywords = {Colorectal cancer,Data mining,Transcriptomics},

number = {5},
pages = {708--718},
publisher = {Nature Publishing Group},
title = {{Reference component analysis of single-cell transcriptomes elucidates cellular heterogeneity in human colorectal tumors}},
url = {http://www.nature.com/doifinder/10.1038/ng.3818},
volume = {49},
year = {2017}
}
@article{Li2013,
author = {Li, Yi and Xie, Xiaohui},
doi = {10.1186/1471-2105-14-s5-s11},
issn = {1471-2105},
journal = {BMC Bioinforma. 2013 145},
keywords = {Algorithms,Bioinformatics,Combinatorial Libraries,Computational Biology/Bioinformatics,Computer Appl. in Life Sciences,Microarrays},

number = {5},
pages = {S11},
publisher = {BioMed Central},
title = {{A mixture model for expression deconvolution from RNA-seq in heterogeneous tissues}},
url = {https://bmcbioinformatics.biomedcentral.com/articles/10.1186/1471-2105-14-S5-S11},
volume = {14},
year = {2013}
}
@article{Liebermeister2002,

author = {Liebermeister, Wolfram},
issn = {1367-4803},
journal = {Bioinformatics},

number = {1},
pages = {51--60},
pmid = {11836211},
title = {{Linear modes of gene expression determined by independent component analysis.}},
url = {http://www.ncbi.nlm.nih.gov/pubmed/11836211},
volume = {18},
year = {2002}
}
@article{Liebner2014,
author = {Liebner, David A. and Huang, Kun and Parvin, Jeffrey D.},
doi = {10.1093/bioinformatics/btt566},
issn = {1460-2059},
journal = {Bioinformatics},

number = {5},
pages = {682--689},
publisher = {Oxford University Press},
title = {{MMAD: microarray microdissection with analysis of differences is a computational tool for deconvoluting cell type-specific contributions from tissue samples}},
url = {https://academic.oup.com/bioinformatics/article-lookup/doi/10.1093/bioinformatics/btt566},
volume = {30},
year = {2014}
}
@article{Lin2007,

author = {Lin, Chih-Jen},
doi = {10.1162/neco.2007.19.10.2756},
issn = {0899-7667},
journal = {Neural Comput.},

number = {10},
pages = {2756--2779},
publisher = { MIT Press  238 Main St., Suite 500, Cambridge, MA 02142-1046 USA journals-info@mit.edu  },
title = {{Projected Gradient Methods for Nonnegative Matrix Factorization}},
url = {http://www.mitpressjournals.org/doi/10.1162/neco.2007.19.10.2756},
volume = {19},
year = {2007}
}
@article{Liu2017,
author = {Liu, Yuan and Liang, Yu and Kuang, Qifan and Xie, Fanfan and Hao, Yingyi and Wen, Zhining and Li, Menglong},
doi = {10.1002/cem.2929},
issn = {08869383},
journal = {J. Chemom.},
keywords = {RNA sequencing,cancer,deconvolution,negative matrix factorization,non,prognosis},

pages = {e2929},
publisher = {Wiley-Blackwell},
title = {{Post-modified non-negative matrix factorization for deconvoluting the gene expression profiles of specific cell types from heterogeneous clinical samples based on RNA-sequencing data}},
url = {http://doi.wiley.com/10.1002/cem.2929},
year = {2017}
}
@article{Lutsik2017,

author = {Lutsik, Pavlo and Slawski, Martin and Gasparoni, Gilles and Vedeneev, Nikita and Hein, Matthias and Walter, J{\"{o}}rn},
doi = {10.1186/s13059-017-1182-6},
issn = {1474-760X},
journal = {Genome Biol.},
keywords = {Animal Genetics and Genomics,Bioinformatics,Evolutionary Biology,Human Genetics,Microbial Genetics and Genomics,Plant Genetics {\&} Genomics},

number = {1},
pages = {55},
publisher = {BioMed Central},
title = {{MeDeCom: discovery and quantification of latent components of heterogeneous methylomes}},
url = {http://genomebiology.biomedcentral.com/articles/10.1186/s13059-017-1182-6},
volume = {18},
year = {2017}
}
@article{Maksimovic2015,
author = {Maksimovic, Jovana and Gagnon-Bartsch, Johann A. and Speed, Terence P. and Oshlack, Alicia},
doi = {10.1093/nar/gkv526},
issn = {0305-1048},
journal = {Nucleic Acids Res.},

number = {16},
pages = {e106--e106},
publisher = {Oxford University Press},
title = {{Removing unwanted variation in a differential methylation analysis of Illumina HumanMethylation450 array data}},
url = {https://academic.oup.com/nar/article-lookup/doi/10.1093/nar/gkv526},
volume = {43},
year = {2015}
}
@article{Mcinnes2018,
author = {Mcinnes, Leland and Healy, John},
title = {{UMAP: Uniform Manifold Approximation and Projection for Dimension Reduction}},
url = {https://arxiv.org/pdf/1802.03426.pdf},
year = {2018},
journal = {}
}
@article{Miller2014,

author = {Miller, Christopher A. and White, Brian S. and Dees, Nathan D. and Griffith, Malachi and Welch, John S. and Griffith, Obi L. and Vij, Ravi and Tomasson, Michael H. and Graubert, Timothy A. and Walter, Matthew J. and Ellis, Matthew J. and Schierding, William and DiPersio, John F. and Ley, Timothy J. and Mardis, Elaine R. and Wilson, Richard K. and Ding, Li},
doi = {10.1371/journal.pcbi.1003665},
editor = {Beerenwinkel, Niko},
issn = {1553-7358},
journal = {PLoS Comput. Biol.},

number = {8},
pages = {e1003665},
publisher = {Public Library of Science},
title = {{SciClone: Inferring Clonal Architecture and Tracking the Spatial and Temporal Patterns of Tumor Evolution}},
url = {http://dx.plos.org/10.1371/journal.pcbi.1003665},
volume = {10},
year = {2014}
}
@article{Moffitt2015,

author = {Moffitt, Richard A and Marayati, Raoud and Flate, Elizabeth L and Volmar, Keith E and Loeza, S Gabriela Herrera and Hoadley, Katherine A and Rashid, Naim U and Williams, Lindsay A and Eaton, Samuel C and Chung, Alexander H and Smyla, Jadwiga K and Anderson, Judy M and Kim, Hong Jin and Bentrem, David J and Talamonti, Mark S and Iacobuzio-Donahue, Christine A and Hollingsworth, Michael A and Yeh, Jen Jen},
doi = {10.1038/ng.3398},
issn = {1061-4036},
journal = {Nat. Genet.},
keywords = {Cancer microenvironment,Gene expression,Pancreatic cancer,Transcriptomics,Tumour biomarkers},

number = {10},
pages = {1168--1178},
publisher = {Nature Publishing Group},
title = {{Virtual microdissection identifies distinct tumor- and stroma-specific subtypes of pancreatic ductal adenocarcinoma}},
url = {http://www.nature.com/articles/ng.3398},
volume = {47},
year = {2015}
}
@article{Mohammadi2017,
author = {Mohammadi, Shahin and Zuckerman, Neta and Goldsmith, Andrea and Grama, Ananth},
doi = {10.1109/JPROC.2016.2607121},
issn = {0018-9219},
journal = {Proc. IEEE},

number = {2},
pages = {340--366},
title = {{A Critical Survey of Deconvolution Methods for Separating Cell Types in Complex Tissues}},
url = {http://ieeexplore.ieee.org/document/7676285/},
volume = {105},
year = {2017}
}
@article{Nelms2016,

author = {Nelms, Bradlee D. and Waldron, Levi and Barrera, Luis A. and Weflen, Andrew W. and Goettel, Jeremy A. and Guo, Guoji and Montgomery, Robert K. and Neutra, Marian R. and Breault, David T. and Snapper, Scott B. and Orkin, Stuart H. and Bulyk, Martha L. and Huttenhower, Curtis and Lencer, Wayne I.},
doi = {10.1186/s13059-016-1062-5},
issn = {1474-760X},
journal = {Genome Biol.},
keywords = {Animal Genetics and Genomics,Bioinformatics,Evolutionary Biology,Human Genetics,Microbial Genetics and Genomics,Plant Genetics {\&} Genomics},

number = {1},
pages = {201},
publisher = {BioMed Central},
title = {{CellMapper: rapid and accurate inference of gene expression in difficult-to-isolate cell types}},
url = {http://genomebiology.biomedcentral.com/articles/10.1186/s13059-016-1062-5},
volume = {17},
year = {2016}
}
@article{Newberg2018,

author = {Newberg, Lee A. and Chen, Xiaowei and Kodira, Chinnappa D. and Zavodszky, Maria I.},
doi = {10.1371/journal.pone.0193067},
editor = {Provero, Paolo},
issn = {1932-6203},
journal = {PLoS One},

number = {3},
pages = {e0193067},
publisher = {Public Library of Science},
title = {{Computational de novo discovery of distinguishing genes for biological processes and cell types in complex tissues}},
url = {http://dx.plos.org/10.1371/journal.pone.0193067},
volume = {13},
year = {2018}
}
@article{Newman2015,

author = {Newman, Aaron M and Liu, Chih Long and Green, Michael R and Gentles, Andrew J and Feng, Weiguo and Xu, Yue and Hoang, Chuong D and Diehn, Maximilian and Alizadeh, Ash A},
doi = {10.1038/nmeth.3337},
issn = {1548-7091},
journal = {Nat. Methods},
keywords = {Computational biology and bioinformatics,Gene expression analysis,Immunology,Tumour heterogeneity},

number = {5},
pages = {453--457},
publisher = {Nature Publishing Group},
title = {{Robust enumeration of cell subsets from tissue expression profiles}},
url = {http://www.nature.com/articles/nmeth.3337},
volume = {12},
year = {2015}
}
@misc{Newman,
author = {Newman, AM and Liu, CL and Alizadeh, AA},
title = {{CIBERSORT- Absolute mode}},
url = {https://cibersort.stanford.edu/manual.php},
urldate = {2018-06-04}
}
@article{Nirmal2016,

author = {Nirmal, Ajit Johnson and Regan, Tim and Shih, Barbara Bo-Ju and Hume, David Arthur and Sims, Andrew Harvey and Freeman, Tom Charles},
doi = {10.1101/077487},
journal = {bioRxiv},

pages = {077487},
publisher = {Cold Spring Harbor Laboratory},
title = {{ImSig: A resource for the identification and quantification of immune signatures in blood and tissue transcriptomics data}},
url = {https://www.biorxiv.org/content/early/2016/09/26/077487},
year = {2016}
}
@article{Oesper2013,
author = {Oesper, Layla and Mahmoody, Ahmad and Raphael, Benjamin J},
doi = {10.1186/gb-2013-14-7-r80},
issn = {1465-6906},
journal = {Genome Biol.},
keywords = {Animal Genetics and Genomics,Bioinformatics,Evolutionary Biology,Human Genetics,Microbial Genetics and Genomics,Plant Genetics {\&} Genomics},

number = {7},
pages = {R80},
publisher = {BioMed Central},
title = {{THetA: inferring intra-tumor heterogeneity from high-throughput DNA sequencing data}},
url = {http://genomebiology.biomedcentral.com/articles/10.1186/gb-2013-14-7-r80},
volume = {14},
year = {2013}
}
@article{Ogundijo2017,

author = {Ogundijo, Oyetunji E. and Wang, Xiaodong},
doi = {10.1371/journal.pone.0186167},
editor = {Kaderali, Lars},
issn = {1932-6203},
journal = {PLoS One},

number = {10},
pages = {e0186167},
publisher = {Public Library of Science},
title = {{A sequential Monte Carlo approach to gene expression deconvolution}},
url = {http://dx.plos.org/10.1371/journal.pone.0186167},
volume = {12},
year = {2017}
}
@article{Onuchic2016,

author = {Onuchic, Vitor and Hartmaier, Ryan J. and Boone, David N. and Samuels, Michael L. and Patel, Ronak Y. and White, Wendy M. and Garovic, Vesna D. and Oesterreich, Steffi and Roth, Matt E. and Lee, Adrian V. and Milosavljevic, Aleksandar},
doi = {10.1016/j.celrep.2016.10.057},
issn = {22111247},
journal = {Cell Rep.},
keywords = {DNA methylation,Warburg effect,breast cancer,cancer,cell type composition,deconvolution,gene expression,heterotypic interaction,metabolic coupling,metabolism},

number = {8},
pages = {2075--2086},
pmid = {27851969},
title = {{Epigenomic Deconvolution of Breast Tumors Reveals Metabolic Coupling between Constituent Cell Types}},
url = {http://www.ncbi.nlm.nih.gov/pubmed/27851969 http://www.pubmedcentral.nih.gov/articlerender.fcgi?artid=PMC5115176 http://linkinghub.elsevier.com/retrieve/pii/S2211124716314772},
volume = {17},
year = {2016}
}
@article{OrtegaMartorell2012,

author = {Ortega-Martorell, Sandra and Lisboa, Paulo J.G. and Vellido, Alfredo and Julia-Sape, Margarida and Arus, Carles},
doi = {10.1186/1471-2105-13-38},
issn = {1471-2105},
journal = {BMC Bioinformatics},
keywords = {Algorithms,Bioinformatics,Combinatorial Libraries,Computational Biology/Bioinformatics,Computer Appl. in Life Sciences,Microarrays},

number = {1},
pages = {38},
publisher = {BioMed Central},
title = {{Non-negative Matrix Factorisation methods for the spectral decomposition of MRS data from human brain tumours}},
url = {http://bmcbioinformatics.biomedcentral.com/articles/10.1186/1471-2105-13-38},
volume = {13},
year = {2012}
}
@article{Paatero1994,
author = {Paatero, Pentti and Tapper, Unto},
doi = {10.1002/env.3170050203},
issn = {11804009},
journal = {Environmetrics},
keywords = {Alternating regression,Error estimates,Factor analysis,Principal component analysis,Repetitive measurements,Scaling,Weighted least squares},

number = {2},
pages = {111--126},
publisher = {Wiley-Blackwell},
title = {{Positive matrix factorization: A non-negative factor model with optimal utilization of error estimates of data values}},
url = {http://doi.wiley.com/10.1002/env.3170050203},
volume = {5},
year = {1994}
}
@article{PascualMontano2006,
author = {Pascual-Montano, A. and Carazo, J.M. and Kochi, K. and Lehmann, D. and Pascual-Marqui, R.D.},
doi = {10.1109/TPAMI.2006.60},
issn = {0162-8828},
journal = {IEEE Trans. Pattern Anal. Mach. Intell.},

number = {3},
pages = {403--415},
title = {{Nonsmooth nonnegative matrix factorization (nsNMF)}},
url = {http://ieeexplore.ieee.org/document/1580485/},
volume = {28},
year = {2006}
}
@book{Piegorsch,
author = {Piegorsch, Walter W.},
isbn = {9781118619650},
title = {{Statistical data analytics : foundations for data mining, informatics, and knowledge discovery}},
url = {https://www.wiley.com/en-fr/Statistical+Data+Analytics:+Foundations+for+Data+Mining,+Informatics,+and+Knowledge+Discovery-p-9781118619650}
}
@article{Pollara2017,

author = {Pollara, Gabriele and Murray, Matthew J. and Heather, James M. and Byng-Maddick, Rachel and Guppy, Naomi and Ellis, Matthew and Turner, Carolin T. and Chain, Benjamin M. and Noursadeghi, Mahdad},
doi = {10.1371/journal.pone.0169271},
editor = {Mills, Ken},
issn = {1932-6203},
journal = {PLoS One},

number = {1},
pages = {e0169271},
publisher = {Public Library of Science},
title = {{Validation of Immune Cell Modules in Multicellular Transcriptomic Data}},
url = {http://dx.plos.org/10.1371/journal.pone.0169271},
volume = {12},
year = {2017}
}
@incollection{Preparata1985,
address = {New York, NY},
author = {Preparata, Franco P. and Shamos, Michael Ian},
booktitle = {Comput. Geom.},
doi = {10.1007/978-1-4612-1098-6_3},
pages = {95--149},
publisher = {Springer New York},
title = {{Convex Hulls: Basic Algorithms}},
url = {http://link.springer.com/10.1007/978-1-4612-1098-6{\_}3},
year = {1985}
}
@article{Puram2017,

author = {Puram, Sidharth V. and Tirosh, Itay and Parikh, Anuraag S. and Patel, Anoop P. and Yizhak, Keren and Gillespie, Shawn and Rodman, Christopher and Luo, Christina L. and Mroz, Edmund A. and Emerick, Kevin S. and Deschler, Daniel G. and Varvares, Mark A. and Mylvaganam, Ravi and Rozenblatt-Rosen, Orit and Rocco, James W. and Faquin, William C. and Lin, Derrick T. and Regev, Aviv and Bernstein, Bradley E.},
doi = {10.1016/J.CELL.2017.10.044},
issn = {0092-8674},
journal = {Cell},

number = {7},
pages = {1611--1624.e24},
publisher = {Cell Press},
title = {{Single-Cell Transcriptomic Analysis of Primary and Metastatic Tumor Ecosystems in Head and Neck Cancer}},
url = {https://www.sciencedirect.com/science/article/pii/S0092867417312709},
volume = {171},
year = {2017}
}
@article{Qiao2012,

author = {Qiao, Wenlian and Quon, Gerald and Csaszar, Elizabeth and Yu, Mei and Morris, Quaid and Zandstra, Peter W.},
doi = {10.1371/journal.pcbi.1002838},
editor = {Bonneau, Richard},
issn = {1553-7358},
journal = {PLoS Comput. Biol.},

number = {12},
pages = {e1002838},
publisher = {Public Library of Science},
title = {{PERT: A Method for Expression Deconvolution of Human Blood Samples from Varied Microenvironmental and Developmental Conditions}},
url = {http://dx.plos.org/10.1371/journal.pcbi.1002838},
volume = {8},
year = {2012}
}
@article{Quon2009,
author = {Quon, G. and Morris, Q.},
doi = {10.1093/bioinformatics/btp378},
issn = {1367-4803},
journal = {Bioinformatics},

number = {21},
pages = {2882--2889},
publisher = {Oxford University Press},
title = {{ISOLATE: a computational strategy for identifying the primary origin of cancers using high-throughput sequencing}},
url = {https://academic.oup.com/bioinformatics/article-lookup/doi/10.1093/bioinformatics/btp378},
volume = {25},
year = {2009}
}
@article{Quon2013,

author = {Quon, Gerald and Haider, Syed and Deshwar, Amit G and Cui, Ang and Boutros, Paul C and Morris, Quaid},
doi = {10.1186/gm433},
issn = {1756-994X},
journal = {Genome Med.},
keywords = {Bioinformatics,Cancer Research,Human Genetics,Medicine/Public Health,Metabolomics,Systems Biology,general},

number = {3},
pages = {29},
publisher = {BioMed Central},
title = {{Computational purification of individual tumor gene expression profiles leads to significant improvements in prognostic prediction}},
url = {http://genomemedicine.biomedcentral.com/articles/10.1186/gm433},
volume = {5},
year = {2013}
}
@article{Racle2017,

author = {Racle, Julien and de Jonge, Kaat and Baumgaertner, Petra and Speiser, Daniel E and Gfeller, David},
doi = {10.7554/eLife.26476},
issn = {2050-084X},
journal = {Elife},
keywords = {cell fraction predictions,computational biology,gene expression,tumor immune microenvironment},

pages = {e26476},
publisher = {eLife Sciences Publications Limited},
title = {{Simultaneous enumeration of cancer and immune cell types from bulk tumor gene expression data}},
url = {https://elifesciences.org/articles/26476},
volume = {6},
year = {2017}
}
@article{Rahmani2016,

author = {Rahmani, Elior and Zaitlen, Noah and Baran, Yael and Eng, Celeste and Hu, Donglei and Galanter, Joshua and Oh, Sam and Burchard, Esteban G and Eskin, Eleazar and Zou, James and Halperin, Eran},
doi = {10.1038/nmeth.3809},
issn = {1548-7091},
journal = {Nat. Methods},
keywords = {Epigenomics,Statistical methods},

number = {5},
pages = {443--445},
publisher = {Nature Publishing Group},
title = {{Sparse PCA corrects for cell type heterogeneity in epigenome-wide association studies}},
url = {http://www.nature.com/articles/nmeth.3809},
volume = {13},
year = {2016}
}
@article{Rahmani2017,

author = {Rahmani, Elior and Zaitlen, Noah and Baran, Yael and Eng, Celeste and Hu, Donglei and Galanter, Joshua and Oh, Sam and Burchard, Esteban G and Eskin, Eleazar and Zou, James and Halperin, Eran},
doi = {10.1038/nmeth.4190},
issn = {1548-7091},
journal = {Nat. Methods},
keywords = {Epigenetics,Statistical methods},

number = {3},
pages = {218--219},
publisher = {Nature Publishing Group},
title = {{Correcting for cell-type heterogeneity in DNA methylation: a comprehensive evaluation}},
url = {http://www.nature.com/articles/nmeth.4190},
volume = {14},
year = {2017}
}
@article{Regev2017,

author = {Regev, Aviv and Teichmann, Sarah A and Lander, Eric S and Amit, Ido and Benoist, Christophe and Birney, Ewan and Bodenmiller, Bernd and Campbell, Peter and Carninci, Piero and Clatworthy, Menna and Clevers, Hans and Deplancke, Bart and Dunham, Ian and Eberwine, James and Eils, Roland and Enard, Wolfgang and Farmer, Andrew and Fugger, Lars and G{\"{o}}ttgens, Berthold and Hacohen, Nir and Haniffa, Muzlifah and Hemberg, Martin and Kim, Seung and Klenerman, Paul and Kriegstein, Arnold and Lein, Ed and Linnarsson, Sten and Lundberg, Emma and Lundeberg, Joakim and Majumder, Partha and Marioni, John C and Merad, Miriam and Mhlanga, Musa and Nawijn, Martijn and Netea, Mihai and Nolan, Garry and Pe'er, Dana and Phillipakis, Anthony and Ponting, Chris P and Quake, Stephen and Reik, Wolf and Rozenblatt-Rosen, Orit and Sanes, Joshua and Satija, Rahul and Schumacher, Ton N and Shalek, Alex and Shapiro, Ehud and Sharma, Padmanee and Shin, Jay W and Stegle, Oliver and Stratton, Michael and Stubbington, Michael J T and Theis, Fabian J and Uhlen, Matthias and van Oudenaarden, Alexander and Wagner, Allon and Watt, Fiona and Weissman, Jonathan and Wold, Barbara and Xavier, Ramnik and Yosef, Nir and Participants, Human Cell Atlas Meeting},
doi = {10.7554/eLife.27041},
issn = {2050-084X},
journal = {Elife},
keywords = {cell atlas,lineage,science forum,single-cell genomics},

pages = {e27041},
publisher = {eLife Sciences Publications Limited},
title = {{The Human Cell Atlas}},
url = {https://elifesciences.org/articles/27041},
volume = {6},
year = {2017}
}
@article{Repsilber2010,

author = {Repsilber, Dirk and Kern, Sabine and Telaar, Anna and Walzl, Gerhard and Black, Gillian F and Selbig, Joachim and Parida, Shreemanta K and Kaufmann, Stefan HE and Jacobsen, Marc},
doi = {10.1186/1471-2105-11-27},
issn = {1471-2105},
journal = {BMC Bioinformatics},
keywords = {Algorithms,Bioinformatics,Combinatorial Libraries,Computational Biology/Bioinformatics,Computer Appl. in Life Sciences,Microarrays},

number = {1},
pages = {27},
publisher = {BioMed Central},
title = {{Biomarker discovery in heterogeneous tissue samples -taking the in-silico deconfounding approach}},
url = {http://bmcbioinformatics.biomedcentral.com/articles/10.1186/1471-2105-11-27},
volume = {11},
year = {2010}
}
@article{Riedel2012,

archivePrefix = {arXiv},
arxivId = {1210.7508},
author = {Riedel, Nico and Berg, Johannes},
doi = {10.1103/PhysRevE.87.042715},
eprint = {1210.7508},

title = {{A statistical mechanics approach to the sample deconvolution problem}},
url = {http://arxiv.org/abs/1210.7508 http://dx.doi.org/10.1103/PhysRevE.87.042715},
year = {2012}
}
@article{Roth2014,

author = {Roth, Andrew and Khattra, Jaswinder and Yap, Damian and Wan, Adrian and Laks, Emma and Biele, Justina and Ha, Gavin and Aparicio, Samuel and Bouchard-C{\^{o}}t{\'{e}}, Alexandre and Shah, Sohrab P},
doi = {10.1038/nmeth.2883},
issn = {1548-7091},
journal = {Nat. Methods},
keywords = {Cancer genomics,Genome informatics,Software},

number = {4},
pages = {396--398},
publisher = {Nature Publishing Group},
title = {{PyClone: statistical inference of clonal population structure in cancer}},
url = {http://www.nature.com/articles/nmeth.2883},
volume = {11},
year = {2014}
}
@article{Roy2006,

author = {Roy, Sushmita and Lane, Terran and Allen, Chris and Aragon, Anthony D. and Werner-Washburne, Margaret},
doi = {10.1089/cmb.2006.13.1749},
issn = {1066-5277},
journal = {J. Comput. Biol.},
keywords = {Markov Models,Paejick filters,cell populations,gene expression,hidden-state systems},

number = {10},
pages = {1749--1774},
publisher = { Mary Ann Liebert, Inc.  2 Madison Avenue Larchmont, NY 10538 USA  },
title = {{A Hidden-State Markov Model for Cell Population Deconvolution}},
url = {http://www.liebertonline.com/doi/abs/10.1089/cmb.2006.13.1749},
volume = {13},
year = {2006}
}
@article{Rutledge2013,

author = {Rutledge, D.N. and {Jouan-Rimbaud Bouveresse}, D.},
doi = {10.1016/J.TRAC.2013.03.013},
issn = {0165-9936},
journal = {TrAC Trends Anal. Chem.},

pages = {22--32},
publisher = {Elsevier},
title = {{Independent Components Analysis with the JADE algorithm}},
url = {https://www-sciencedirect-com.gate2.inist.fr/science/article/pii/S0165993613001222},
volume = {50},
year = {2013}
}

@article{Scholkopf2000,
author = {Sch{\"{o}}lkopf, Bernhard and Smola, Alex J. and Williamson, Robert C. and Bartlett, Peter L.},
doi = {10.1162/089976600300015565},
issn = {0899-7667},
journal = {Neural Comput.},

number = {5},
pages = {1207--1245},
publisher = {MIT Press},
title = {{New Support Vector Algorithms}},
url = {http://www.mitpressjournals.org/doi/10.1162/089976600300015565},
volume = {12},
year = {2000}
}
@article{Senbabaoglu2016,

author = {Şenbabaoğlu, Yasin and Gejman, Ron S. and Winer, Andrew G. and Liu, Ming and {Van Allen}, Eliezer M. and de Velasco, Guillermo and Miao, Diana and Ostrovnaya, Irina and Drill, Esther and Luna, Augustin and Weinhold, Nils and Lee, William and Manley, Brandon J. and Khalil, Danny N. and Kaffenberger, Samuel D. and Chen, Yingbei and Danilova, Ludmila and Voss, Martin H. and Coleman, Jonathan A. and Russo, Paul and Reuter, Victor E. and Chan, Timothy A. and Cheng, Emily H. and Scheinberg, David A. and Li, Ming O. and Choueiri, Toni K. and Hsieh, James J. and Sander, Chris and Hakimi, A. Ari},
doi = {10.1186/s13059-016-1092-z},
issn = {1474-760X},
journal = {Genome Biol.},
keywords = {Animal Genetics and Genomics,Bioinformatics,Evolutionary Biology,Human Genetics,Microbial Genetics and Genomics,Plant Genetics {\&} Genomics},

number = {1},
pages = {231},
publisher = {BioMed Central},
title = {{Tumor immune microenvironment characterization in clear cell renal cell carcinoma identifies prognostic and immunotherapeutically relevant messenger RNA signatures}},
url = {http://genomebiology.biomedcentral.com/articles/10.1186/s13059-016-1092-z},
volume = {17},
year = {2016}
}
@article{Seung1999,

author = {Seung, H. Sebastian and Lee, Daniel D.},
doi = {10.1038/44565},
issn = {00280836},
journal = {Nature},

number = {6755},
pages = {788--791},
publisher = {Nature Publishing Group},
title = {{Learning the parts of objects by non-negative matrix factorization}},
url = {http://www.nature.com/doifinder/10.1038/44565},
volume = {401},
year = {1999}
}
@article{Seung1999a,

author = {Seung, H. Sebastian and Lee, Daniel D.},
doi = {10.1038/44565},
issn = {00280836},
journal = {Nature},

number = {6755},
pages = {788--791},
publisher = {Nature Publishing Group},
title = {{Learning the parts of objects by non-negative matrix factorization}},
url = {http://www.nature.com/doifinder/10.1038/44565},
volume = {401},
year = {1999}
}
@article{Shannon2017,

author = {Shannon, Casey P. and Balshaw, Robert and Chen, Virginia and Hollander, Zsuzsanna and Toma, Mustafa and McManus, Bruce M. and FitzGerald, J. Mark and Sin, Don D. and Ng, Raymond T. and Tebbutt, Scott J.},
doi = {10.1186/s12864-016-3460-1},
issn = {1471-2164},
journal = {BMC Genomics},
keywords = {Animal Genetics and Genomics,Life Sciences,Microarrays,Microbial Genetics and Genomics,Plant Genetics {\&} Genomics,Proteomics,general},

number = {1},
pages = {43},
publisher = {BioMed Central},
title = {{Enumerateblood – an R package to estimate the cellular composition of whole blood from Affymetrix Gene ST gene expression profiles}},
url = {http://bmcgenomics.biomedcentral.com/articles/10.1186/s12864-016-3460-1},
volume = {18},
year = {2017}
}
@article{ShenOrr2010,

author = {Shen-Orr, Shai S and Tibshirani, Robert and Khatri, Purvesh and Bodian, Dale L and Staedtler, Frank and Perry, Nicholas M and Hastie, Trevor and Sarwal, Minnie M and Davis, Mark M and Butte, Atul J},
doi = {10.1038/nmeth.1439},
file = {:Users/ulala/Library/Application Support/Mendeley Desktop/Downloaded/Shen-Orr et al. - 2010 - Cell type–specific gene expression differences in complex tissues.pdf:pdf},
issn = {1548-7091},
journal = {Nat. Methods},
keywords = {Gene expression,Microarray analysis},

number = {4},
pages = {287--289},
publisher = {Nature Publishing Group},
title = {{Cell type–specific gene expression differences in complex tissues}},
url = {http://www.nature.com/articles/nmeth.1439},
volume = {7},
year = {2010}
}
@article{Shen2016,
author = {Shen, Qi and Hu, Jiyuan and Jiang, Ning and Hu, Xiaohua and Luo, Zewei and Zhang, Hong},
doi = {10.1093/bioinformatics/btv657},
issn = {1367-4803},
journal = {Bioinformatics},

number = {5},
pages = {705--712},
publisher = {Oxford University Press},
title = {{contamDE: differential expression analysis of RNA-seq data for contaminated tumor samples}},
url = {https://academic.oup.com/bioinformatics/article-lookup/doi/10.1093/bioinformatics/btv657},
volume = {32},
year = {2016}
}
@article{Shoemaker2012,
author = {Shoemaker, Jason E and Lopes, Tiago JS and Ghosh, Samik and Matsuoka, Yukiko and Kawaoka, Yoshihiro and Kitano, Hiroaki},
doi = {10.1186/1471-2164-13-460},
issn = {1471-2164},
journal = {BMC Genomics},
keywords = {Animal Genetics and Genomics,Life Sciences,Microarrays,Microbial Genetics and Genomics,Plant Genetics {\&} Genomics,Proteomics,general},

number = {1},
pages = {460},
publisher = {BioMed Central},
title = {{CTen: a web-based platform for identifying enriched cell types from heterogeneous microarray data}},
url = {http://bmcgenomics.biomedcentral.com/articles/10.1186/1471-2164-13-460},
volume = {13},
year = {2012}
}
@article{Sorlie2001,

author = {S{\o}rlie, T and Perou, C M and Tibshirani, R and Aas, T and Geisler, S and Johnsen, H and Hastie, T and Eisen, M B and van de Rijn, M and Jeffrey, S S and Thorsen, T and Quist, H and Matese, J C and Brown, P O and Botstein, D and L{\o}nning, P E and B{\o}rresen-Dale, A L},
doi = {10.1073/pnas.191367098},
issn = {0027-8424},
journal = {Proc. Natl. Acad. Sci. U. S. A.},

number = {19},
pages = {10869--74},
pmid = {11553815},
publisher = {National Academy of Sciences},
title = {{Gene expression patterns of breast carcinomas distinguish tumor subclasses with clinical implications.}},
url = {http://www.ncbi.nlm.nih.gov/pubmed/11553815 http://www.pubmedcentral.nih.gov/articlerender.fcgi?artid=PMC58566 http://www.pnas.org/cgi/doi/10.1073/pnas.191367098},
volume = {98},
year = {2001}
}
@article{Steuerman2016,

author = {Steuerman, Yael and Gat-Viks, Irit},
doi = {10.1371/journal.pcbi.1004856},
editor = {Churchill, Gary A.},
issn = {1553-7358},
journal = {PLOS Comput. Biol.},

number = {4},
pages = {e1004856},
publisher = {Public Library of Science},
title = {{Exploiting Gene-Expression Deconvolution to Probe the Genetics of the Immune System}},
url = {http://dx.plos.org/10.1371/journal.pcbi.1004856},
volume = {12},
year = {2016}
}
@article{Teschendorff2017,

author = {Teschendorff, Andrew E and Zheng, Shijie C},
doi = {10.2217/epi-2016-0153},
issn = {1750-1911},
journal = {Epigenomics},
keywords = {DNA methylation,EWAS,cell-type heterogeneity},

number = {5},
pages = {757--768},
pmid = {28517979},
title = {{Cell-type deconvolution in epigenome-wide association studies: a review and recommendations}},
url = {http://www.ncbi.nlm.nih.gov/pubmed/28517979 https://www.futuremedicine.com/doi/10.2217/epi-2016-0153},
volume = {9},
year = {2017}
}
@article{Teschendorff2017a,

author = {Teschendorff, Andrew E. and Breeze, Charles E. and Zheng, Shijie C. and Beck, Stephan},
doi = {10.1186/s12859-017-1511-5},
issn = {1471-2105},
journal = {BMC Bioinformatics},
keywords = {Algorithms,Bioinformatics,Computational Biology/Bioinformatics,Computer Appl. in Life Sciences,Microarrays},

number = {1},
pages = {105},
publisher = {BioMed Central},
title = {{A comparison of reference-based algorithms for correcting cell-type heterogeneity in Epigenome-Wide Association Studies}},
url = {http://bmcbioinformatics.biomedcentral.com/articles/10.1186/s12859-017-1511-5},
volume = {18},
year = {2017}
}
@article{Teschendorff2007,

author = {Teschendorff, Andrew E. and Journ{\'{e}}e, Michel and Absil, Pierre A. and Sepulchre, Rodolphe and Caldas, Carlos},
doi = {10.1371/journal.pcbi.0030161},
issn = {1553-734X},
journal = {PLoS Comput. Biol.},
number = {8},
pages = {e161},
publisher = {Public Library of Science},
title = {{Elucidating the Altered Transcriptional Programs in Breast Cancer using Independent Component Analysis}},
url = {http://dx.plos.org/10.1371/journal.pcbi.0030161},
volume = {3},
year = {2007}
}
@article{Teschendorff2011,
author = {Teschendorff, Andrew E. and Zhuang, Joanna and Widschwendter, Martin},
doi = {10.1093/bioinformatics/btr171},
issn = {1460-2059},
journal = {Bioinformatics},

number = {11},
pages = {1496--1505},
publisher = {Oxford University Press},
title = {{Independent surrogate variable analysis to deconvolve confounding factors in large-scale microarray profiling studies}},
url = {https://academic.oup.com/bioinformatics/article-lookup/doi/10.1093/bioinformatics/btr171},
volume = {27},
year = {2011}
}
@article{Vallania2017,

author = {Vallania, Francesco and Tam, Andrew and Lofgren, Shane and Schaffert, Steven and Azad, Tej D. and Bongen, Erika and Alsup, Meia and Alonso, Michael and Davis, Mark and Engleman, Edgar and Khatri, Purvesh},
doi = {10.1101/206466},
journal = {bioRxiv},

pages = {206466},
publisher = {Cold Spring Harbor Laboratory},
title = {{Leveraging heterogeneity across multiple data sets increases accuracy of cell-mixture deconvolution and reduces biological and technical biases}},
url = {https://www.biorxiv.org/content/early/2017/10/20/206466},
year = {2017}
}
@article{VanDerMaaten2008,

author = {{Van Der Maaten}, Laurens and Hinton, Geoffrey},
journal = {J. Mach. Learn. Res.},
keywords = {dimensionality reduction,embedding algorithms,manifold learning,multidimensional scaling,visualization},
pages = {2579--2605},
title = {{Visualizing Data using t-SNE}},
url = {https://lvdmaaten.github.io/publications/papers/JMLR{\_}2008.pdf},
volume = {9},
year = {2008}
}
@article{Venet2001,
author = {Venet, D and Pecasse, F and Maenhaut, C and Bersini, H},
issn = {1367-4803},
journal = {Bioinformatics},
pages = {S279--87},
pmid = {11473019},
title = {{Separation of samples into their constituents using gene expression data.}},
url = {http://www.ncbi.nlm.nih.gov/pubmed/11473019},
volume = {17 Suppl 1},
year = {2001}
}
@article{Wang2006,

author = {Wang, Min and Master, Stephen R and Chodosh, Lewis A},
doi = {10.1186/1471-2105-7-328},
issn = {14712105},
journal = {BMC Bioinformatics},
keywords = {Algorithms,Bioinformatics,Combinatorial Libraries,Computational Biology/Bioinformatics,Computer Appl. in Life Sciences,Microarrays},

number = {1},
pages = {328},
publisher = {BioMed Central},
title = {{Computational expression deconvolution in a complex mammalian organ}},
url = {http://bmcbioinformatics.biomedcentral.com/articles/10.1186/1471-2105-7-328},
volume = {7},
year = {2006}
}
@article{Wang2015,
author = {Wang, Niya and Gong, Ting and Clarke, Robert and Chen, Lulu and Shih, Ie-Ming and Zhang, Zhen and Levine, Douglas A. and Xuan, Jianhua and Wang, Yue},
doi = {10.1093/bioinformatics/btu607},
issn = {1460-2059},
journal = {Bioinformatics},

number = {1},
pages = {137--139},
publisher = {Oxford University Press},
title = {{UNDO: a Bioconductor R package for unsupervised deconvolution of mixed gene expressions in tumor samples}},
url = {https://academic.oup.com/bioinformatics/article-lookup/doi/10.1093/bioinformatics/btu607},
volume = {31},
year = {2015}
}
@article{Wang2016,

author = {Wang, Niya and Hoffman, Eric P. and Chen, Lulu and Chen, Li and Zhang, Zhen and Liu, Chunyu and Yu, Guoqiang and Herrington, David M. and Clarke, Robert and Wang, Yue},
doi = {10.1038/srep18909},
issn = {2045-2322},
journal = {Sci. Rep.},
keywords = {Data processing,Machine learning},

number = {1},
pages = {18909},
publisher = {Nature Publishing Group},
title = {{Mathematical modelling of transcriptional heterogeneity identifies novel markers and subpopulations in complex tissues}},
url = {http://www.nature.com/articles/srep18909},
volume = {6},
year = {2016}
}
@article{Wang2013,

author = {Wang, Niya and Meng, Fan and Chen, Li and Madhavan, Subha and Clarke, Robert and Hoffman, Eric P and Xuan, Jianhua and Wang, Yue},
journal = {J. Mach. Learn. Res.},
keywords = {affinity propagation clustering,blind source separation,compartment modeling,convex analysis of mixtures,information-based model selection},
pages = {2899--2903},
title = {{The CAM Software for Nonnegative Blind Source Separation in R-Java}},
url = {http://www.jmlr.org/papers/volume14/wang13d/wang13d.pdf},
volume = {14},
year = {2013}
}
@article{Wang2017,

author = {Wang, Zeya and Cao, Shaolong and Morris, Jeffrey S. and Ahn, Jaeil and Liu, Rongjie and Tyekucheva, Svitlana and Gao, Fan and Li, Bo and Lu, Wei and Tang, Ximing and Wistuba, Ignacio I. and Bowden, Michaela and Mucci, Lorelei and Loda, Massimo and Parmigiani, Giovanni and Holmes, Chris C. and Wang, Wenyi},
doi = {10.1101/146795},
journal = {bioRxiv},

pages = {146795},
publisher = {Cold Spring Harbor Laboratory},
title = {{Transcriptome Deconvolution of Heterogeneous Tumor Samples with Immune Infiltration}},
url = {https://www.biorxiv.org/content/early/2017/10/14/146795},
year = {2017}
}
@article{Wen2016,

author = {Wen, Yanhua and Wei, Yanjun and Zhang, Shumei and Li, Song and Liu, Hongbo and Wang, Fang and Zhao, Yue and Zhang, Dongwei and Zhang, Yan},
doi = {10.1093/bib/bbw028},
issn = {1467-5463},
journal = {Brief. Bioinform.},
keywords = {DNA methylation,breast cancer,cell line,deconvolution,heterogeneity},

number = {3},
pages = {bbw028},
pmid = {27016391},
title = {{Cell subpopulation deconvolution reveals breast cancer heterogeneity based on DNA methylation signature}},
url = {http://www.ncbi.nlm.nih.gov/pubmed/27016391 https://academic.oup.com/bib/article-lookup/doi/10.1093/bib/bbw028},
volume = {18},
year = {2016}
}
@article{Yoshihara2013,

author = {Yoshihara, Kosuke and Shahmoradgoli, Maria and Mart{\'{i}}nez, Emmanuel and Vegesna, Rahulsimham and Kim, Hoon and Torres-Garcia, Wandaliz and Trevi{\~{n}}o, Victor and Shen, Hui and Laird, Peter W. and Levine, Douglas A. and Carter, Scott L. and Getz, Gad and Stemke-Hale, Katherine and Mills, Gordon B. and Verhaak, Roel G.W.},
doi = {10.1038/ncomms3612},
issn = {2041-1723},
journal = {Nat. Commun.},
keywords = {Bioinformatics,Cancer,Innate immune cells,Transcriptomics},

number = {1},
pages = {2612},
publisher = {Nature Publishing Group},
title = {{Inferring tumour purity and stromal and immune cell admixture from expression data}},
url = {http://www.nature.com/articles/ncomms3612},
volume = {4},
year = {2013}
}
@article{Yu2016,

author = {Yu, Zhenhua and Li, Ao and Wang, Minghui},
doi = {10.1186/s12859-016-1174-7},
issn = {1471-2105},
journal = {BMC Bioinformatics},
keywords = {Copy number alteration,Hidden Markov model,Intra-tumor heterogeneity,Whole-exome sequencing},

number = {1},
pages = {310},
pmid = {27538789},
title = {{CloneCNA: detecting subclonal somatic copy number alterations in heterogeneous tumor samples from whole-exome sequencing data}},
url = {http://www.ncbi.nlm.nih.gov/pubmed/27538789 http://www.pubmedcentral.nih.gov/articlerender.fcgi?artid=PMC4990858 http://bmcbioinformatics.biomedcentral.com/articles/10.1186/s12859-016-1174-7},
volume = {17},
year = {2016}
}
@article{Zaslavsky2017,

author = {Zaslavsky, Maxim E and Novik, Jacqueline Buros and Chang, Eliza J and Hammerbacher, Jeffrey E},
doi = {10.1101/221671},
journal = {bioRxiv},

pages = {221671},
publisher = {Cold Spring Harbor Laboratory},
title = {{Infino: a Bayesian hierarchical model improves estimates of immune infiltration into tumor microenvironment}},
url = {https://www.biorxiv.org/content/early/2017/11/21/221671},
year = {2017}
}
@article{Zhang2017,

author = {Zhang, Jitao David and Hatje, Klas and Sturm, Gregor and Broger, Clemens and Ebeling, Martin and Burtin, Martine and Terzi, Fabiola and Pomposiello, Silvia Ines and Badi, Laura},
doi = {10.1186/s12864-017-3661-2},
issn = {1471-2164},
journal = {BMC Genomics},
keywords = {Animal Genetics and Genomics,Life Sciences,Microarrays,Microbial Genetics and Genomics,Plant Genetics {\&} Genomics,Proteomics,general},

number = {1},
pages = {277},
publisher = {BioMed Central},
title = {{Detect tissue heterogeneity in gene expression data with BioQC}},
url = {http://bmcgenomics.biomedcentral.com/articles/10.1186/s12864-017-3661-2},
volume = {18},
year = {2017}
}
@article{Zheng2017,

author = {Zheng, Chunhong and Zheng, Liangtao and Yoo, Jae-Kwang and Guo, Huahu and Zhang, Yuanyuan and Guo, Xinyi and Kang, Boxi and Hu, Ruozhen and Huang, Julie Y. and Zhang, Qiming and Liu, Zhouzerui and Dong, Minghui and Hu, Xueda and Ouyang, Wenjun and Peng, Jirun and Zhang, Zemin},
doi = {10.1016/J.CELL.2017.05.035},
issn = {0092-8674},
journal = {Cell},

number = {7},
pages = {1342--1356.e16},
publisher = {Cell Press},
title = {{Landscape of Infiltrating T Cells in Liver Cancer Revealed by Single-Cell Sequencing}},
url = {https://www.sciencedirect.com/science/article/pii/S0092867417305962},
volume = {169},
year = {2017}
}
@article{Zheng2017a,

author = {Zheng, Xiaoqi and Zhang, Naiqian and Wu, Hua-Jun and Wu, Hao},
doi = {10.1186/s13059-016-1143-5},
issn = {1474-760X},
journal = {Genome Biol.},
keywords = {Animal Genetics and Genomics,Bioinformatics,Evolutionary Biology,Human Genetics,Microbial Genetics and Genomics,Plant Genetics {\&} Genomics},

number = {1},
pages = {17},
publisher = {BioMed Central},
title = {{Estimating and accounting for tumor purity in the analysis of DNA methylation data from cancer studies}},
url = {http://genomebiology.biomedcentral.com/articles/10.1186/s13059-016-1143-5},
volume = {18},
year = {2017}
}
@article{Zhong2013,

author = {Zhong, Yi and Wan, Ying-Wooi and Pang, Kaifang and Chow, Lionel ML and Liu, Zhandong},
doi = {10.1186/1471-2105-14-89},
issn = {1471-2105},
journal = {BMC Bioinformatics},
keywords = {Algorithms,Bioinformatics,Combinatorial Libraries,Computational Biology/Bioinformatics,Computer Appl. in Life Sciences,Microarrays},

number = {1},
pages = {89},
publisher = {BioMed Central},
title = {{Digital sorting of complex tissues for cell type-specific gene expression profiles}},
url = {http://bmcbioinformatics.biomedcentral.com/articles/10.1186/1471-2105-14-89},
volume = {14},
year = {2013}
}
@article{Zinovyev2013,

author = {Zinovyev, Andrei and Kairov, Ulykbek and Karpenyuk, Tatyana and Ramanculov, Erlan},
doi = {10.1016/J.BBRC.2012.12.043},
issn = {0006-291X},
journal = {Biochem. Biophys. Res. Commun.},

number = {3},
pages = {1182--1187},
publisher = {Academic Press},
title = {{Blind source separation methods for deconvolution of complex signals in cancer biology}},
url = {https://www-sciencedirect-com.gate2.inist.fr/science/article/pii/S0006291X12023741?via{\%}3Dihub},
volume = {430},
year = {2013}
}
@article{Zou2014,

author = {Zou, James and Lippert, Christoph and Heckerman, David and Aryee, Martin and Listgarten, Jennifer},
doi = {10.1038/nmeth.2815},
issn = {1548-7091},
journal = {Nat. Methods},
keywords = {Genome informatics,Methylation analysis,Statistical methods},

number = {3},
pages = {309--311},
publisher = {Nature Publishing Group},
title = {{Epigenome-wide association studies without the need for cell-type composition}},
url = {http://www.nature.com/articles/nmeth.2815},
volume = {11},
year = {2014}
}
@article{Zuckerman2013,

author = {Zuckerman, Neta S. and Noam, Yair and Goldsmith, Andrea J. and Lee, Peter P.},
doi = {10.1371/journal.pcbi.1003189},
editor = {Przytycka, Teresa M.},
issn = {1553-7358},
journal = {PLoS Comput. Biol.},

number = {8},
pages = {e1003189},
publisher = {Public Library of Science},
title = {{A Self-Directed Method for Cell-Type Identification and Separation of Gene Expression Microarrays}},
url = {http://dx.plos.org/10.1371/journal.pcbi.1003189},
volume = {9},
year = {2013}
}
@article{Yang2015,
author = {Yang, Zuyuan and Xiang, Yong and Rong, Yue and Xie, Kan},
doi = {10.1109/TNNLS.2014.2350026},
issn = {2162-237X},
journal = {IEEE Trans. Neural Networks Learn. Syst.},

number = {8},
pages = {1635--1644},
title = {{A Convex Geometry-Based Blind Source Separation Method for Separating Nonnegative Sources}},
url = {http://ieeexplore.ieee.org/lpdocs/epic03/wrapper.htm?arnumber=6893008},
volume = {26},
year = {2015}
}
@article{Shoval2012,

author = {Shoval, O. and Sheftel, H. and Shinar, G. and Hart, Y. and Ramote, O. and Mayo, A. and Dekel, E. and Kavanagh, K. and Alon, U.},
doi = {10.1126/science.1217405},
issn = {0036-8075},
journal = {Science (80-. ).},

number = {6085},
pages = {1157--1160},
pmid = {22539553},
title = {{Evolutionary Trade-Offs, Pareto Optimality, and the Geometry of Phenotype Space}},
url = {http://www.ncbi.nlm.nih.gov/pubmed/22539553 http://www.sciencemag.org/cgi/doi/10.1126/science.1217405},
volume = {336},
year = {2012}
}
@article{Shen-Orr2013,

author = {Shen-Orr, Shai S and Gaujoux, Renaud},
doi = {10.1016/j.coi.2013.09.015},
issn = {09527915},
journal = {Curr. Opin. Immunol.},

number = {5},
pages = {571--578},
pmid = {24148234},
title = {{Computational deconvolution: extracting cell type-specific information from heterogeneous samples}},
url = {http://www.ncbi.nlm.nih.gov/pubmed/24148234 http://www.pubmedcentral.nih.gov/articlerender.fcgi?artid=PMC3874291 http://linkinghub.elsevier.com/retrieve/pii/S0952791513001507},
volume = {25},
year = {2013}
}
@article{Schwartz2010,

author = {Schwartz, Russell and Shackney, Stanley E},
doi = {10.1186/1471-2105-11-42},
issn = {1471-2105},
journal = {BMC Bioinformatics},
keywords = {Algorithms,Bioinformatics,Combinatorial Libraries,Computational Biology/Bioinformatics,Computer Appl. in Life Sciences,Microarrays},

number = {1},
pages = {42},
publisher = {BioMed Central},
title = {{Applying unmixing to gene expression data for tumor phylogeny inference}},
url = {http://bmcbioinformatics.biomedcentral.com/articles/10.1186/1471-2105-11-42},
volume = {11},
year = {2010}
}
@book{Mitchell1997,

author = {Mitchell, Tom M. (Tom Michael)},
isbn = {0070428077},
pages = {414},
publisher = {McGraw-Hill},
title = {{Machine Learning}},
year = {1997}
}
@misc{Lee2000,
author = {Lee, Daniel D. and Seung, H. Sebastian},
booktitle = {Proc. 13th Int. Conf. Neural Inf. Process. Syst.},
pages = {535--541},
publisher = {MIT Press},
title = {{Algorithms for non-negative matrix factorization}},
url = {https://dl.acm.org/citation.cfm?id=3008829},
year = {2000}
}

@article{Gaujoux2013,

author = {Gaujoux, R. and Seoighe, C.},
doi = {10.1093/bioinformatics/btt351},
issn = {1367-4803},
journal = {Bioinformatics},

number = {17},
pages = {2211--2212},
pmid = {23825367},
title = {{CellMix: a comprehensive toolbox for gene expression deconvolution}},
url = {http://www.ncbi.nlm.nih.gov/pubmed/23825367 https://academic.oup.com/bioinformatics/article-lookup/doi/10.1093/bioinformatics/btt351},
volume = {29},
year = {2013}
}
@article{Ding2010,
author = {Ding, C.H.Q. and {Tao Li} and Jordan, M.I.},
doi = {10.1109/TPAMI.2008.277},
issn = {0162-8828},
journal = {IEEE Trans. Pattern Anal. Mach. Intell.},

number = {1},
pages = {45--55},
title = {{Convex and Semi-Nonnegative Matrix Factorizations}},
url = {http://ieeexplore.ieee.org/document/4685898/},
volume = {32},
year = {2010}
}
@article{Cantini2018,

author = {Cantini, Laura and Kairov, Ulykbek and de Reynies, Aurelien and Barillot, Emmanuel and Radvanyi, Francois and Zinovyev, Andrei},
doi = {10.1101/318154},
journal = {bioRxiv},

pages = {318154},
publisher = {Cold Spring Harbor Laboratory},
title = {{Stabilized Independent Component Analysis outperforms other methods in finding reproducible signals in tumoral transcriptomes}},
url = {https://www.biorxiv.org/content/early/2018/05/09/318154},
year = {2018}
}
@article{Biton2014,

author = {Biton, Anne and Bernard-Pierrot, Isabelle and Lou, Yinjun and Krucker, Cl{\'{e}}mentine and Chapeaublanc, Elodie and Rubio-P{\'{e}}rez, Carlota and L{\'{o}}pez-Bigas, Nuria and Kamoun, Aur{\'{e}}lie and Neuzillet, Yann and Gestraud, Pierre and Grieco, Luca and Rebouissou, Sandra and de Reyni{\`{e}}s, Aur{\'{e}}lien and Benhamou, Simone and Lebret, Thierry and Southgate, Jennifer and Barillot, Emmanuel and Allory, Yves and Zinovyev, Andrei and Radvanyi, Fran{\c{c}}ois},
doi = {10.1016/j.celrep.2014.10.035},
issn = {22111247},
journal = {Cell Rep.},

number = {4},
pages = {1235--1245},
pmid = {25456126},
title = {{Independent Component Analysis Uncovers the Landscape of the Bladder Tumor Transcriptome and Reveals Insights into Luminal and Basal Subtypes}},
url = {http://www.ncbi.nlm.nih.gov/pubmed/25456126 http://linkinghub.elsevier.com/retrieve/pii/S2211124714009048},
volume = {9},
year = {2014}
}
@article{Becht2018,

author = {Becht, Etienne and Dutertre, Charles-Antoine and Kwok, Immanuel W.H. and Ng, Lai Guan and Ginhoux, Florent and Newell, Evan W},
doi = {10.1101/298430},
journal = {bioRxiv},

pages = {298430},
publisher = {Cold Spring Harbor Laboratory},
title = {{Evaluation of UMAP as an alternative to t-SNE for single-cell data}},
url = {https://www.biorxiv.org/content/early/2018/04/10/298430},
year = {2018}
}
@article{Lu2003,
author = {Lu, Peng and Nakorchevskiy, Aleksey and Marcotte, Edward M},
doi = {10.1073/pnas.1832361100},
issn = {0027-8424},
journal = {Proc. Natl. Acad. Sci. U. S. A.},
number = {18},
pages = {10370--5},
pmid = {12934019},
publisher = {National Academy of Sciences},
title = {{Expression deconvolution: a reinterpretation of DNA microarray data reveals dynamic changes in cell populations.}},
url = {http://www.ncbi.nlm.nih.gov/pubmed/12934019 http://www.pubmedcentral.nih.gov/articlerender.fcgi?artid=PMC193568},
volume = {100},
year = {2003}
}

