@article{Whiting2015,
author = {Whiting, Chan C. and Siebert, Janet and Newman, Aaron M. and Du, Hong-wu and Alizadeh, Ash A. and Goronzy, Jorg and Weyand, Cornelia M. and Krishnan, Eswar and Fathman, C. Garrison and Maecker, Holden T.},
doi = {10.1371/journal.pone.0133627},
editor = {Unutmaz, Derya},
issn = {1932-6203},
journal = {PLoS One},
number = {7},
pages = {e0133627},
pmid = {26197454},
title = {{Large-Scale and Comprehensive Immune Profiling and Functional Analysis of Normal Human Aging}},
url = {http://www.ncbi.nlm.nih.gov/pubmed/26197454 http://www.pubmedcentral.nih.gov/articlerender.fcgi?artid=PMC4509650 http://dx.plos.org/10.1371/journal.pone.0133627},
volume = {10},
year = {2015}
}
@article{Sergushichev2016,
author = {Sergushichev, Alexey},
doi = {10.1101/060012},
journal = {bioRxiv},
pages = {060012},
publisher = {Cold Spring Harbor Laboratory},
title = {{An algorithm for fast preranked gene set enrichment analysis using cumulative statistic calculation}},
url = {https://www.biorxiv.org/content/early/2016/06/20/060012},
year = {2016}
}
@article{Kondratova2018,
author = {Kondratova, Maria and Czerwinska, Urszula and Sompairac, Nicolas  and Amigorena, Sebastian D and Soumelis, Vassili and Barillot Emmanuel and Zinovyev, Andrei and Kuperstein, Inna },
journal = {in review},

title = {{A multiscale signalling network map of innate immune response in cancer reveals signatures of cell heterogeneity and functional polarization}},
year = {2018}
}