@incollection{Berghoff2018,
author = {Berghoff, Anna and Kather, Jakob and JÃ¤ger, Dirk},
publisher = {},
year = {2018},
month = {01},
pages = {231-246},
title = {Genetics and Immunology: Tumor-Specific Genetic Alterations as a Target for Immune Modulating Therapies},
booktitle = {Oncoimmunology : a practical guide for cancer immunotherapy},
editor = {Zitvogel, Laurence, Kroemer, Guido},
chapter = {13},
isbn = {978-3-319-62430-3}
}