@article{analysis,
title = {{Analysis of DNA Chips and Gene Networks c}},
url = {http://www.geneontology.org/GO.tools.microarray.shtml,}
}
@article{Cambronne2006,
author = {Cambronne, Eric D and Roy, Craig R},
doi = {10.1111/j.1600-0854.2006.00446.x},
issn = {1398-9219},
journal = {Traffic},

number = {8},
pages = {929--39},
pmid = {16734660},
title = {{Recognition and delivery of effector proteins into eukaryotic cells by bacterial secretion systems.}},
url = {http://www.ncbi.nlm.nih.gov/pubmed/16734660},
volume = {7},
year = {2006}
}
@misc{cytotoxic,
title = {{Definition of Cytotoxic}},
url = {https://www.medicinenet.com/script/main/art.asp?articlekey=19883},
urldate = {2018-07-23}
}
@misc{biopsy,
title = {{Definition of biopsy - NCI Dictionary of Cancer Terms - National Cancer Institute}},
url = {https://www.cancer.gov/publications/dictionaries/cancer-terms/def/biopsy},
urldate = {2018-07-23}
}
@misc{geneexprsNature,
booktitle = {Nature},
title = {{Gene expression definition}},
url = {https://www.nature.com/subjects/gene-expression},
urldate = {2018-07-23}
}
@misc{genomeNature,
booktitle = {Nature},
title = {{Genome}},
url = {https://www.nature.com/subjects/genome?WT.ac=search{\_}subjects{\_}latestres{\_}genome{\#}research-and-reviews},
urldate = {2018-07-23}
}
@misc{biomolNature,
booktitle = {Nature},
title = {{Molecular biology definition}},
url = {https://www.nature.com/subjects/molecular-biology},
urldate = {2018-07-23}
}
@misc{omics,
booktitle = {Wikipedia},
title = {{Omics definition}},
url = {https://en.wikipedia.org/wiki/Omics},
urldate = {2018-07-23}
}
@misc{pv,
title = {{What is a p-value? - MathBootCamps}},
url = {https://www.mathbootcamps.com/what-is-a-p-value/},
urldate = {2018-07-23}
}
@misc{multi,
title = {{Multicollinearity - Statistics Solutions}},
url = {http://www.statisticssolutions.com/multicollinearity/},
urldate = {2018-07-23}
}
@misc{monte,
title = {{Definition of Monte Carlo Simulation | What is Monte Carlo Simulation ? Monte Carlo Simulation Meaning - The Economic Times}},
url = {https://economictimes.indiatimes.com/definition/monte-carlo-simulation},
urldate = {2018-07-23}
}
@misc{metag,
title = {{Metagene dictionary definition | metagene defined}},
url = {http://www.yourdictionary.com/metagene},
urldate = {2018-07-23}
}
@misc{factMat,
title = {{Matrix Factorization: A Simple Tutorial and Implementation in Python | Albert Au Yeung}},
url = {http://www.albertauyeung.com/post/python-matrix-factorization/},
urldate = {2018-07-23}
}
@misc{matrix,
title = {{matrix | Definition of matrix in English by Oxford Dictionaries}},
url = {https://en.oxforddictionaries.com/definition/matrix},
urldate = {2018-07-23}
}
@article{Weisstein1,
abstract = {Eigenvectors are a special set of vectors associated with a linear system of equations (i.e., a matrix equation) that are sometimes also known as characteristic vectors, proper vectors, or latent vectors (Marcus and Minc 1988, p. 144). The determination of the eigenvectors and eigenvalues of a system is extremely important in physics and engineering, where it is equivalent to matrix diagonalization and arises in such common applications as stability analysis, the physics of rotating bodies,...},
author = {Weisstein, Eric W.},
keywords = {15A,15A18,65F15,Mathematics:Algebra:Linear Algebra:Matrices:Matrix Decomposition,Mathematics:Algebra:Linear Algebra:Matrices:Matrix Eigenvalues},
publisher = {Wolfram Research, Inc.},
title = {{Eigenvector}},
url = {http://mathworld.wolfram.com/Eigenvector.html}
}
@article{Weisstein2,
abstract = {Eigenvalues are a special set of scalars associated with a linear system of equations (i.e., a matrix equation) that are sometimes also known as characteristic roots, characteristic values (Hoffman and Kunze 1971), proper values, or latent roots (Marcus and Minc 1988, p. 144). The determination of the eigenvalues and eigenvectors of a system is extremely important in physics and engineering, where it is equivalent to matrix diagonalization and arises in such common applications as stability...},
author = {Weisstein, Eric W.},
keywords = {15A,15A18,65F15,Mathematics:Algebra:Linear Algebra:Matrices:Matrix Decomposition,Mathematics:Algebra:Linear Algebra:Matrices:Matrix Eigenvalues},
publisher = {Wolfram Research, Inc.},
title = {{Eigenvalue}},
url = {http://mathworld.wolfram.com/Eigenvalue.html}
}
@misc{dimred,
title = {{Introduction to Dimensionality Reduction - GeeksforGeeks}},
url = {https://www.geeksforgeeks.org/dimensionality-reduction/},
urldate = {2018-07-23}
}
@misc{diag,
title = {{diagonal matrix - Google Search}},
url = {https://www.google.fr/search?q=diagonal+matrix{\&}oq=diagonal+matrix{\&}aqs=chrome..69i57.362j0j4{\&}sourceid=chrome{\&}ie=UTF-8},
urldate = {2018-07-23}
}
@misc{cov,
title = {{Covariance | R Tutorial}},
url = {http://www.r-tutor.com/elementary-statistics/numerical-measures/covariance},
urldate = {2018-07-23}
}
@misc{corr,
title = {{correlation - Google Search}},
url = {https://www.google.fr/search?q=correlation{\&}oq=correlation{\&}aqs=chrome..69i57j0j69i60j69i61l2j0.1398j1j4{\&}sourceid=chrome{\&}ie=UTF-8},
urldate = {2018-07-23}
}
@misc{bayes,
title = {{Bayes' Theorem and Conditional Probability | Brilliant Math {\&} Science Wiki}},
url = {https://brilliant.org/wiki/bayes-theorem/},
urldate = {2018-07-23}
}
@misc{cansub,
title = {{Definition of cancer subtype - NCI Dictionary of Cancer Terms - National Cancer Institute}},
url = {https://www.cancer.gov/publications/dictionaries/cancer-terms/def/cancer-subtype},
urldate = {2018-07-23}
}
@misc{receptor,
title = {{Definition of Receptor}},
url = {https://www.medicinenet.com/script/main/art.asp?articlekey=5236},
urldate = {2018-07-23}
}
@misc{pheno,
title = {{Examples of Genotype {\&} Phenotype}},
url = {http://examples.yourdictionary.com/examples-of-genotype-phenotype.html},
urldate = {2018-07-23}
}
@misc{marker,
title = {{Definition of Marker gene}},
url = {https://www.medicinenet.com/script/main/art.asp?articlekey=6731},
urldate = {2018-07-23}
}
@misc{tissue,
title = {{Tissue {\&} Organ Flashcards}},
url = {https://www.flashcardmachine.com/tissue-organ.html},
urldate = {2018-07-23}
}
@misc{ligand,
title = {{Ligand | Define Ligand at Dictionary.com}},
url = {http://www.dictionary.com/browse/ligand},
urldate = {2018-07-23}
}
@misc{inducer,
title = {{Inducer (biology) | definition of Inducer (biology) by Medical dictionary}},
url = {https://medical-dictionary.thefreedictionary.com/Inducer+(biology)},
urldate = {2018-07-23}
}
@misc{immunosupp,
title = {{Definition of Immunosuppression}},
url = {https://www.medicinenet.com/script/main/art.asp?articlekey=3942},
urldate = {2018-07-23}
}
