@article{Kairov2017,
author = {Kairov, Ulykbek and Cantini, Laura and Greco, Alessandro and Molkenov, Askhat and Czerwinska, Urszula and Barillot, Emmanuel and Zinovyev, Andrei},
doi = {10.1186/s12864-017-4112-9},
issn = {1471-2164},
journal = {BMC Genomics},
keywords = {Animal Genetics and Genomics,Life Sciences,Microarrays,Microbial Genetics and Genomics,Plant Genetics and Genomics,Proteomics,general},
number = {1},
pages = {712},
publisher = {BioMed Central},
title = {{Determining the optimal number of independent components for reproducible transcriptomic data analysis}},
url = {http://bmcgenomics.biomedcentral.com/articles/10.1186/s12864-017-4112-9},
volume = {18},
year = {2017}
}
@incollection{Czerwinska2018b,
author = {Czerwinska, Urszula and Cantini, Laura and Kairov, Ulykbek and Barillot, Emmanuel and Zinovyev, Andrei},
doi = {10.1007/978-3-319-93764-9_46},
pages = {501--513},
publisher = {Springer, Cham},
title = {{Application of Independent Component Analysis to Tumor Transcriptomes Reveals Specific and Reproducible Immune-Related Signals}},
url = {http://link.springer.com/10.1007/978-3-319-93764-9{\_}46},
year = {2018}
}
